3034 4900
1064 298 1338 372 LIBER
1391 299 1814 374 TERTIUS.
2440 307 2539 382 55

345 485 794 556 Francorum
865 481 1237 577 quondam
1303 481 1863 582 prenominatae
1928 481 2265 559 abbatiae
2332 487 2534 560 audi-

345 584 586 656 vimus
637 591 731 654 et
789 579 1104 655 vidimus
1157 583 1557 654 conlatum

491 684 608 757 31.
693 683 870 754 Post
920 706 1194 780 paucos
1249 707 1426 756 vero
1480 707 1715 756 annos
1768 683 1967 756 idem
2006 683 2118 756 vir
2151 687 2531 759 venerabi—

339 783 434 856 lis
468 784 720 878 Hugo,
793 805 960 855 cuin
1026 784 1368 880 quadam
1411 782 1527 855 die
1596 784 2007 858 secundum
2065 809 2353 858 morem
2408 787 2530 860 ab

335 881 583 956 batiae
637 905 816 956 suae
869 883 1094 956 cellas
1147 906 1370 956 causa
1406 882 1919 993 providentiae
1955 896 2029 959 et
2060 885 2531 960 amonitionis

336 983 704 1077 circuiret,
757 981 1058 1056 devenit
1109 979 1184 1052 in
1225 980 1521 1054 Frantie
1568 983 1831 1080 tellus,
1888 983 2012 1056 ubi
2062 985 2344 1059 multae
2384 987 2527 1058 cel-

335 1085 454 1155 lae
507 1092 720 1155 erant
771 1081 906 1156 sub
959 1079 1234 1154 ditione
1288 1038 1831 1156 Novaliciensis
1863 1084 2199 1157 coenobii
2255 1096 2523 1159 erecte.

334 1183 540 1270 Quas
609 1203 778 1254 cum
844 1203 934 1252 ex
996 1191 1206 1279 parte
1270 1181 1743 1278 requisisset,
1817 1183 2147 1257 consedit
2214 1210 2385 1258 mox
2450 1185 2524 1258 in

337 1283 626 1379 prefato
681 1280 1128 1354 monasterio
1183 1278 1527 1354 videlicet
1578 1282 1812 1355 sancti
1860 1283 2196 1356 Medardi
2236 1286 2524 1358 confes-

335 1380 548 1455 soris,
679 1381 762 1453 In
829 1403 974 1478 quo
1052 1405 1220 1453 cum
1289 1380 1681 1494 aliquantis
1750 1396 2253 1457 commoratus
2324 1397 2524 1458 esset

327 1481 630 1578 diebus,
699 1479 1128 1555 infirmitate
1193 1481 1527 1578 corporis
1594 1493 1833 1556 tactus
1888 1495 2233 1579 egrotare
2287 1484 2521 1581 cepit3

331 1581 424 1654 de
479 1606 622 1678 qua
658 1580 1124 1676 aegritudine
1159 1580 1250 1654 ad
1295 1605 1556 1654 necem
1596 1605 1829 1678 usque
1863 1583 2286 1680 perductus,
2340 1583 2525 1658 obiit

331 1681 482 1754 illic
531 1682 708 1753 Idus
760 1681 970 1774 lunii,
1022 1704 1158 1776 per
1213 1681 1460 1753 omnia
1530 1681 2043 1795 felicissimus,
2105 1683 2351 1781 ibique
2401 1709 2520 1756 sa-

329 1805 538 1852 crum
573 1780 731 1852 eius
761 1803 1030 1876 colpus
1068 1779 1474 1852 honorifice
1516 1781 1834 1892 quiescit
1885 1783 2255 1859 humatus.-
2342 1783 2521 1854 Erat

325 1880 531 1952 enim
582 1878 942 1977 sapientia
995 1888 1071 1950 et
1121 1879 1508 1952 sanctitate
1568 1880 2007 1978 precipuus,
2089 1881 2517 1956 elemosinis

324 1981 622 2078 largus,
701 1978 974 2078 pietate
1035 1978 1508 2075 laudabilis,
1548 2004 1859 2076 corpore
1922 1991 2193 2078 castus,
2264 1991 2515 2054 mente

328 2081 682 2174 devotus,
763 2080 1006 2152 animo
1073 2079 1288 2174 vigil,
1359 2080 1849 2178 pulcritudine
1916 2082 2249 2179 corporis
2299 2081 2514 2172 valde

326 2181 756 2273 decoratuS,
839 2179 1029 2250 sicut
1103 2180 1316 2274 prole
1381 2181 1563 2252 tanti
1641 2180 1949 2254 decebat
2012 2181 2511 2278 imperatoris

325 2280 502 2352 Post
567 2278 842 2349 multos
915 2278 1160 2372 itaque
1216 2301 1448 2348 annos
1517 2278 1766 2350 retulit
1818 2278 2027 2350 nobis
2092 2279 2318 2352 abbas
2387 2281 2512 2352 ille

327 2377 418 2451 de
473 2377 745 2451 Sancto
801 2374 1194 2473 Medard0‚
1265 2375 1458 2473 quod
1524 2378 1929 2476 prephatus
1998 2379 2212 2474 Hugo
2282 2377 2511 2453 abbas

325 2479 522 2577 apud
586 2477 790 2589 ipsos
843 2476 1096 2551 multis
1147 2474 1541 2551 virtutibus
1593 2490 1669 2551 et
1720 2478 2091 2553 miraculis
2152 2502 2287 2576 per
2336 2503 2511 2551 eum

321 2578 682 2653 Dominus
737 2577 861 2649 illo
916 2578 990 2649 in
1044 2577 1207 2648 loco
1263 2589 1612 2674 operatus
1662 2578 1780 2671 sit,
1836 2588 1913 2653 et
1964 2589 2237 2673 quanta
2287 2603 2509 2651 vene-

318 2680 608 2753 ratione
661 2677 752 2749 ab
807 2676 1066 2749 incolis
1116 2674 1259 2747 loci
1315 2675 1992 2751 habe1·etu1.Hoc
2040 2701 2331 2774 quoque
2384 2677 2509 2749 de-

317 2781 619 2875 functo⁷
691 2775 1354 2851 excellentissimus
1407 2789 1619 2875 pater
1668 2775 2033 2849 Eldradus
2087 2776 2161 2849 in
2216 2775 2511 2852 abbatia

315 2878 720 2978 preficitur.
848 2876 1080 2951 Huius
1130 2875 1374 2973 itaque
1428 2876 1661 2977 patris
1716 2875 1945 2951 vitam
1998 2876 2272 2952 nostris
2322 2888 2507 2951 tem-

321 2980 664 3078 poribus,
734 2989 1410 3089 quantumcumque
1480 3002 1572 3051 ex
1638 2975 1791 3050 suis
1859 2976 2236 3051 miraculis
2290 2987 2508 3075 atque

319 3079 712 3155 virtutibus
754 3078 1106 3175 colligere
1160 3077 1533 3175 potuimus
1588 3088 1743 3151 tam
1795 3075 1976 3151 visis
2028 3100 2251 3175 quam
2304 3076 2507 3151 audi-

319 3180 414 3251 tis
467 3180 813 3274 lectisve,
879 3176 1143 3275 quibus
1209 3203 1344 3275 per
1393 3202 1568 3251 eum
1610 3178 1971 3251 Dominus
2036 3200 2363 3287 operare
2402 3178 2507 3247 di-

319 3288 587 3373 gnatus
667 3289 824 3371 est,
915 3278 1394 3391 devotissime
1471 3279 1547 3383 in
1597 3277 1785 3349 eius
1864 3275 2207 3349 laudibus
2284 3275 2507 3351 simul

313 3377 642 3455 scribere
681 3376 1137 3454 curavimus.

469 3478 586 3550 32.
665 3476 844 3550 Post
905 3478 1138 3549 multa
1201 3475 1446 3573 itaque
1515 3498 1879 3588 annorum
1934 3456 2295 3547 curricula
2359 3483 2504 3545 ter-

317 3577 464 3651 tius
517 3576 693 3651 Otto
759 3577 1164 3675 imperator
1216 3574 1521 3651 veniens
1574 3575 1649 3647 in
1700 3574 2121 3668 regionem,
2191 3572 2314 3647 ubi
2368 3576 2502 3647 Ca-

315 3678 454 3751 roli
523 3700 694 3751 caro
748 3676 906 3749 iure
973 3678 1330 3752 tumulata
1381 3673 1849 3771 quiescebat
1916 3672 2311 3747 declinavit
2360 3674 2500 3747 uti-

315 3802 456 3875 que
510 3778 605 3850 ad
658 3777 900 3849 locum
958 3777 1338 3888 sepulture
1389 3773 1587 3848 illius
1642 3797 1810 3847 cum
1864 3748 2149 3847 duobus
2220 3775 2503 3871 episco-

313 3878 446 3974 pis
481 3890 555 3955 et
623 3878 894 3951 Ottoue
949 3875 1217 3949 comite
1270 3874 1805 3969 Laumellensi3
1891 3873 2049 3971 ipse
2114 3898 2341 3947 vero
2340 3872 2500 3948 im-

317 3989 613 4073 perator
667 3976 801 4051 fuit
851 3990 1175 4074 quartus.
1279 3975 1641 4055 Narrabat
1698 3987 1943 4048 autem
1994 3974 2195 4046 idem
2250 3997 2503 4047 comes

323 4076 461 4148 hoc
531 4078 750 4152 modo
829 4078 1113 4151 dicens:
1195 4077 1630 4151 Intravimus
1704 4084 1875 4171 erqo
1954 4073 2091 4148 ad
2130 4073 2500 4159 Karolum.
