3034 4900
591 283 684 356 10
1013 281 1567 364 CHRONICON
1619 284 2329 368 NOVALICIENSE.

579 466 748 544 huic
809 465 996 538 libro
1062 465 1459 548 inserendo
1524 470 2135 569 conscripsimus,
2204 494 2353 548 non
2408 474 2501 551 de
2568 455 2792 554 rehu

577 569 786 642 cione
841 567 1145 652 alicuius
1197 565 1519 640 hominis
1571 571 1691 647 vel
1760 582 2014 646 nostro
2084 572 2246 644 visu
2314 573 2755 675 addidimuS‚

575 669 710 747 sed
777 667 870 742 ad
939 668 1254 764 quodam
1319 669 1649 742 antistite
1702 671 1959 765 Petr03
2029 672 2151 769 qui
2203 673 2471 750 librum
2508 686 2753 773 'quon-

573 771 746 844 dam
800 768 952 842 suis
1006 767 1186 862 legit
1237 769 1695 866 temporibus
1748 770 2139 868 Veronam,
2196 775 2271 846 in
2326 799 2469 872 quo
2520 777 2753 851 multa

569 872 666 945 de
720 870 986 944 eodem
1034 869 1197 942 loco
1252 869 1551 943 invenit.
1675 868 1787 943 Ab
1854 871 2015 969 ipso
2086 872 2285 944 enim
2336 875 2751 952 audivimus

569 973 787 1068 talia,
863 969 1105 1068 qualia
1170 968 1292 1042 hic
1355 994 1398 1042 a
1464 966 1677 1042 nobis
1741 972 2078 1069 apposita
2144 985 2337 1047 sunt.
2458 975 2749 1056 Scimus

567 1098 750 1169 ergo
805 1070 882 1146 in
931 1071 1272 1163 veritate,
1321 1070 1717 1145 nonnullas
1742 1072 1985 1151 ,fuisse
2030 1074 2401 1170 quondam
2433 1075 2621 1150 vitas
2672 1077 2747 1149 in

566 1174 693 1247 illo
748 1174 909 1246 loco
965 1169 1414 1268 conscriptas
1466 1169 1558 1242 de
1610 1169 1909 1254 illorum
1974 1172 2322 1248 abbatum
2400 1198 2530 1248 seu
2588 1200 2745 1249 mo-

563 1275 970 1351 nachorum
1035 1280 1254 1366 atque
1321 1269 1414 1341 de
1482 1269 1701 1343 hactu
1764 1271 1995 1368 ipsius
2047 1272 2225 1369 loci,
2297 1273 2423 1372 qui
2490 1275 2744 1351 diutis-

563 1375 756 1450 sime
825 1371 1002 1443 olim
1074 1367 1172 1440 ibi
1250 1368 1718 1444 sanctitatem
1788 1383 2260 1468 exercenteS,
2350 1373 2743 1450 virtutibus

561 1481 1034 1550 coruscantes
1085 1468 1529 1562 micuerunt3
1606 1467 1796 1542 sicut
1861 1470 2178 1566 legimus
2241 1472 2335 1544 de
2400 1474 2741 1550 Asinario

557 1583 634 1648 et
685 1569 1039 1647 Waltario
1091 1592 1178 1641 ac
1230 1568 1321 1640 de
1372 1569 1683 1642 Arnulfo
1739 1579 1815 1642 et
1845 1569 2235 1662 FrodoinQ
2287 1570 2379 1644 de
2414 1574 2739 1651 Aldrado

557 1685 849 1772 quoque
901 1680 1118 1766 atque
1171 1668 1264 1743 de
1318 1668 1479 1741 aliis
1534 1668 1907 1766 pluribus,
1979 1692 2289 1768 quorum
2344 1674 2642 1748 nomina
2694 1699 2740 1748 a

553 1773 766 1850 nobis
820 1769 1118 1846 omnino
1170 1769 1424 1865 ignota
1477 1781 1668 1844 sunt.
1774 1769 1924 1844 Sed
1970 1771 2157 1846 sicut
2198 1774 2536 1870 superius
2586 1775 2737 1848 iam

555 1875 908 1958 diximus,
973 1892 1105 1967 per
1169 1871 1530 1948 mundum
1592 1869 1910 1966 dispersi
1963 1872 2271 1970 predicti
2323 1872 2493 1950 libri
2544 1876 2736 1950 inre-

553 1970 975 2072 cuperabile
1028 1969 1240 2046 nobis
1295 1979 1409 2042 est
1459 1969 1885 2065 dampnum.

701 2077 765 2150 4.
824 2068 1160 2160 Quodam
1203 2069 1425 2164 igitur
1453 2079 1802 2164 tempore
1842 2092 2011 2140 cum
2036 2069 2354 2146 Karolus
2388 2072 2731 2170 princeps

548 2176 1038 2262 Francorum,
1106 2169 1340 2268 Pipini
1393 2165 1601 2241 ducis
1652 2167 1885 2264 filius»,
1938 2168 2117 2242 dum·
2169 2195 2485 2268 regnum
2534 2173 2730 2246 Itali·

548 2300 716 2350 cum
785 2272 1133 2346 divinitus
1213 2295 1256 2344 a
1324 2268 1481 2341 Deo
1556 2268 1996 2366 optinuisset
2070 2282 2147 2344 et
2211 2272 2285 2346 in
2350 2273 2728 2354 Novalicio.

495 2372 1000 2455 .monasterio
1051 2369 1369 2467 quodam
1433 2378 1769 2467 tempore
1827 2369 2254 2466 re-sidisset.‚¹
2302 2413 2395 2426 --
2450 2373 2729 2451 scilicet

542 2478 618 2551 in
683 2474 942 2549 diebus
1006 2483 1256 2546 sancte
1313 2470 1918 2569 quadragesime3
2005 2494 2176 2543 nam
2235 2470 2376 2546 ista
2440 2475 2509 2547 ei
2564 2486 2726 2554 erat

541 2576 1022 2670 consuetude,
1077 2573 1369 2671 quando
1423 2570 1496 2642 in
1551 2569 1842 2646 Italiam
1892 2570 2273 2667 veniebat,
2342 2584 2425 2646 ut
2471 2573 2547 2645 in
2601 2598 2721 2650 su·

537 2678 890 2777 pradictis
944 2674 1204 2747 diebus
1256 2673 1330 2744 in
1384 2672 1753 2746 antedicto
1802 2672 2153 2746 manebat
2202 2673 2407 2768 loco3
2463 2673 2721 2769 dilige-

537 2778 666 2849 bat
749 2776 947 2848 enim
1024 2773 1182 2868 ipse
1257 2771 1476 2843 valde
1547 2774 1689 2843 hoc
1773 2772 2255 2871 coenobium,
2349 2797 2439 2849 eo
2520 2774 2721 2871 quod

535 2875 750 2949 multi
803 2872 1090 2949 nobiles
1143 2884 1234 2943 ex
1286 2892 1517 2963 regno
1572 2870 2021 2944 Francorum
2086 2873 2160 2947 in
2228 2897 2400 2947 eum
2470 2876 2718 2973 sepius

534 2976 964 3058 viderentur
999 2993 1295 3047 sumere
1340 2968 1619 3043 abitum
1660 2968 2041 3063 religionis
2066 3011 2165 3027 --
2192 2992 2507 3071 cumque
2537 3000 2717 3071 qua.

534 3078 706 3151 dam
761 3074 880 3147 die
933 3072 1026 3145 ad
1077 3069 1514 3144 matutinum
1574 3067 1738 3166 ipse
1802 3068 2205 3167 imperator
2270 3075 2717 3173 surrexisset

531 3177 1090 3266 monachorum,
1143 3168 1486 3249 videlicet
1542 3168 1614 3241 in
1668 3168 1853 3245 feria
1907 3168 2159 3266 quinta
2200 3194 2343 3267 qua
2388 3174 2713 3257 celebras

529 3279 746 3353 batur
797 3300 978 3352 cena
1029 3270 1360 3366 Domini,
1435 3277 1593 3343 erat
1644 3293 1830 3341 uxor
1894 3271 2051 3345 eius
2104 3271 2364 3365 regina
2414 3276 2713 3356 nomine

528 3379 746 3452 Berta
802 3375 1428 3469 multo-tempore
1465 3369 1769 3467 cupiens
1808 3368 2062 3445 videre
2103 3371 2301 3451 hunc
2342 3369 2711 3455 monaste-¹,

525 3478 745 3551 rium,
848 3476 1055 3564 Quae
1098 3472 1414 3548 latenter
1451 3487 1765 3565 surgens
1810 3470 2075 3545 eadem
2118 3482 2361 3567 nocte,
2408 3474 2711 3554 nemine

526 3576 806 3652 sciente
856 3586 1109 3674 preter
1160 3596 1381 3648 unam
1435 3595 1649 3647 suam
1710 3570 2260 3666 fidelissimam,
2327 3573 2561 3649 induit
2626 3595 2709 3654 se

525 3678 774 3775 byn-0,
828 3686 914 3749 ut'
962 3700 1003 3750 a
1051 3675 1346 3747 nemine
1387 3682 1941 3769 agnosceretur,
1994 3674 2425 3772 concitoque
2468 3671 2703 3769 gradu

525 3778 900 3874 extemplo
963 3774 1203 3850 tendit
1269 3774 1362 3847 ad
1417 3774 1971 3849 monasterium.
2076 3774 2445 3849 Ubiante.
2503 3776 2703 3853 fores

524 3878 827 3952 oratorii
881 3875 1070 3949 beati
1125 3872 1318 3947 Petri
1373 3872 1703 3967 advenit,
1768 3874 2009 3951 subito
2080 3872 2338 3947 cecidit
2396 3897 2482 3946 ac
2530 3873 2699 3949 ilico

521 3976 939 4077 exspiravit.
1041 3977 1226 4050 Cum
1283 3986 1530 4049 autem
1579 3973 1865 4048 finitum
1930 3974 2375 4048 matutinum
2425 3998 2555 4047 rex
2607 3976 2699 4049 a‘d

523 4080 938 4172 cubiculum
989 4075 1537 4175 regrederetur,
1587 4076 1869 4159 invenit
1918 4096 2086 4148 eam
2136 4072 2523 4174 iacentem,
2576 4076 2701 4153 ubi
