3034 4900
550 319 646 396 32
981 321 1531 398 CHRONlcON
1584 325 1647 397 N
1652 321 2295 436 OVALICIENSE.

545 503 845 602 nomine
894 505 1347 602 Mam-inum,
1417 503 1639 603 quem
1688 511 1955 605 pagani
2006 508 2101 583 de
2154 509 2483 610 predicta
2530 511 2724 590 valle

547 626 802 677 secum
863 603 1016 677 vim
1079 607 1434 678 facientes
1504 606 1969 682 deduxerunt
2020 634 2189 682 cum
2240 612 2503 685 ceteris
2554 637 2722 685 con-

547 703 872 802 captivis.
992 707 1176 779 Cum
1229 703 1531 802 quibus,
1604 718 1686 778 ut
1739 707 2067 806 dicebat,
2133 711 2465 809 amplius.
2504 735 2725 808 quam

545 805 848 900 triginta
882 805 954 877 in
994 805 1291 878 illorum
1322 815 1701 878 manserat
1732 831 1911 880 arva
1949 833 2351 905 annorum3
2394 823 2722 909 postmo-

549 907 724 978 dum
792 929 971 977 vero
1037 904 1335 978 licentia
1405 929 1448 976 a
1513 907 1810 1004 proprio
1866 921 2162 1007 accepta
2214 909 2560 1004 domino,
2627 910 2724 982 >ad

546 1006 853 1078 domum
901 1005 1262 1079 remeavit
1313 1006 1727 1103 propriam3
1798 1007 1872 1078 in
1927 1032 2070 1104 qua
2133 1009 2517 1084 inveniens
2568 1034 2724 1082 ma-

544 1119 738 1180 trem
790 1105 953 1178 iam·
992 1106 1198 1179 senio
1251 1107 1689 1200 confectam,
1742 1117 1821 1179 ut
1871 1129 2095 1205 supra
2145 1107 2483 1208 diximus,
2537 1134 2723 1207 quae

546 1205 816 1280 cotidie
869 1206 960 1278 ad
1014 1205 1192 1279 solis
1245 1205 1575 1278 residere
1629 1217 1787 1278 erat
1838 1207 2056 1279 solita
2116 1217 2451 1306 teporem
2500 1235 2727 1308 sup-ra

547 1305 920 1404 quandam
973 1305 1508 1403 amplissimam
1562 1315 1888 1402 petram,
1940 1330 2131 1402 quae
2184 1309 2517 1405 proxima
2570 1309 2729 1384 erat
2830 1366 2839 1370 -

546 1405 839 1479 civitati.
959 1407 1040 1477 ln
1092 1404 1309 1476 huius
1364 1427 1546 1498 ergo
1616 1403 1889 1477 femine
1959 1407 2263 1479 circuitu
2329 1409 2729 1482 veniebant

542 1505 680 1578 viri
734 1529 904 1580 cum
954 1504 1229 1577 femine
1275 1502 1612 1599 civitam,
1667 1505 2083 1580 scisitantes
2136 1506 2233 1578 ab
2282 1531 2371 1579 ea
2411 1507 2502 1580 de
2540 1507 2724 1580 anti-

545 1605 820 1704 quitate
855 1605 1088 1706 ipsius
1117 1603 1276 1676 loci.
1356 1605 1563 1693 Quae
1602 1605 1979 1678 referebat
2013 1605 2159 1680 illis
2188 1607 2447 1702 multa,
2493 1607 2725 1680 maxi-

543 1729 670 1778 me
736 1705 828 1779 de
894 1705 1267 1781 Novalicio
1337 1704 1811 1778 monasterio.
1934 1705 2240 1781 Dicebat
2312 1709 2513 1780 enim
2578 1706 2725 1781 illis

541 1806 778 1880 multa
831 1817 904 1880 et
952 1804 1308 1899 inaudita,
1363 1805 1550 1901 quae
1592 1805 1880 1878 viderat
1924 1807 2045 1879 vel
2078 1807 2411 1881 audierat
2461 1832 2504 1879 a
2554 1831 2723 1905 pro-

541 1905 1025 2004 genitoribus,
1079 1916 1519 2001 et-quantos
1571 1905 1909 2000 abbates,
1982 1919 2387 2001 quantasve
2438 1907 2725 1981 destru-

544 2008 825 2081 ctiones
889 2006 1120 2105 ipsius
1187 2003 1325 2076 loci
1381 2005 1575 2076 facte
1644 2030 1686 2076 a
1748 2006 2055 2102 paganis
2110 2006 2421 2078 fuerant.
2523 2009 2726 2082 Haeo

551 2107 778 2203 igitur
829 2096 1150 2202 quadam
1199 2104 1319 2176 die
1374 2102 1635 2174 deduci
1689 2103 1837 2175 illic
1888 2126 1969 2175 se
2009 2106 2285 2177 fecerat
2336 2130 2381 2176 a
2427 2105 2725 2201 quibus-

545 2208 718 2279 dam
759 2207 978 2301 viris3
1035 2228 1221 2303 quae
1262 2202 1584 2278 ostendit
1636 2202 1781 2275 illis
1825 2205 2281 2302 sepulturam
2334 2204 2723 2277 Waltharii

544 2317 734 2406 quae
786 2319 960 2380 ante
1010 2304 1512 2401 ignorabatur,
1568 2301 1759 2378 sicut
1803 2302 1895 2376 ab
1951 2305 2312 2379 antenatis
2358 2305 2723 2400 audierat3

429 2453 438 2464 ,
543 2430 988 2505 quamquam
1041 2405 1237 2477 enim
1287 2405 1489 2477 nulla
1554 2404 2047 2476 foeminarum
2101 2405 2279 2477 olim
2334 2405 2723 2505 appropin-

544 2531 768 2606 quare
820 2506 945 2577 illo
999 2503 1072 2576 in
1125 2504 1288 2576 loco
1344 2501 1685 2575 audebat.
1749 2502 2148 2575 Referebat
2191 2504 2452 2598 etiam,
2500 2530 2723 2602 quan-

540 2621 659 2682 tos
701 2618 968 2707 puteos
1003 2602 1427 2703 nuperrime
1472 2603 1549 2675 in
1590 2602 1718 2675 illo
1762 2602 2221 2677 habebantur
2272 2604 2455 2676 loco.
2534 2606 2726 2677 Nam

539 2708 760 2781 vicini
814 2705 1135 2801 agebant
1184 2714 1611 2803 pretaxatae
1660 2704 2031 2802 mulieriS‚
2086 2704 2441 2778 ducentos
2491 2728 2725 2803 prope

543 2830 818 2879 vmsse
872 2828 1127 2877 annos.

638 2907 758 2977 14.
831 2903 1168 3001 Antiquis
1236 2925 1530 2998 quoque
1594 2903 2058 2999 temporibus
2131 2916 2289 2977 erat
2357 2914 2725 2976 monaste-

541 3005 736 3079 rium
801 3002 1178 3078 subditum
1249 3002 1625 3074 Novalicio
1696 3002 1771 3075 in
1837 3003 2111 3075 vallem
2173 3002 2724 3101 Bardoniscam‚

540 3105 668 3179 ubi
722 3104 984 3177 dicitur
1037 3102 1710 3199 Plebemartyrum.,
1777 3126 1911 3215 pro
1979 3126 2068 3175 eo
2124 3102 2293 3200 quia
2343 3100 2443 3173 ibi
2496 3094 2727 3201 quon-

545 3207 717 3279 dam
773 3204 993 3279 occisi
1047 3204 1344 3276 fuerunt
1381 3202 1723 3275 monachi
1776 3201 2007 3300 ipsius
2048 3201 2501 3295 monasterii,
2554 3226 2725 3275 cum

545 3304 815 3380 diversi
870 3304 1166 3401 generis
1219 3314 1438 3400 atque
1493 3326 1717 3375 sexus
1769 3303 1887 3399 qui
1943 3301 2215 3375 ibidem
2284 3302 2493 3400 quasi
2554 3327 2727 3377 con·-

543 3406 835 3504 fugium
865 3407 1220 3497 fecerant,
1273 3426 1314 3475 a
1355 3402 1661 3502 paganis
1698 3402 2189 3498 Langobardi,
2236 3424 2323 3475 eo
2361 3414 2724 3500 tempore,

543 3532 687 3606 quo
751 3506 892 3605 ipsi
955 3502 1548 3579 Novaliciensem
1610 3502 2145 3579 monasterium
2210 3502 2548 3577 similiter
2600 3502 2727 3575 de-

542 3608 1101 3706 populaverunt.
1217 3603 1415 3678 Inter
1481 3628 1665 3701 quos
1734 3603 2167 3677 interfectus
2238 3602 2377 3676 fuit
2425 3601 2723 3700 quidam

544 3705 953 3779 monachus
989 3706 1290 3777 nomine
1333 3706 1604 3801 Ius'tus'7
1663 3704 1786 3800 qui
1838 3702 2075 3777 iustus
2116 3710 2276 3776 erat
2318 3714 2393 3776 et
2428 3698 2723 3795 nomine

545 3816 622 3879 et
690 3826 956 3904 opere,
1037 3814 1256 3899 atque
1334 3804 1535 3877 alter·
1594 3805 1709 3876 c'ui
1778 3828 2049 3876 nomen
2120 3804 2261 3876 fuit
2306 3799 2719 3875 Flavianus.

533 3908 827 3980 Horum
875 3925 1196 4001 namque
1247 3903 1785 3976 monachorum
1832 3902 2201 4003 epythafia
2229 3900 2415 3989 ‚suis
2468 3894 2722 3996 capiti-

543 4007 680 4079 bus
746 4003 1128 4103 subposita
1204 4016 1376 4077 sunt
1434 4015 1773 4101 tempore
1840 3997 2371 4078 interfectionis
2442 4020 2720 4071 eorum.

545 4110 878 4197 Quorum
929 4129 1117 4179 unus
1159 4102 1263 4177 sic
1307 4103 1725 4199 legebatur:
1772 4103 1913 4175 Hic
1960 4105 2151 4173 iacet
2190 4098 2429 4171 Iustus
2468 4121 2721 4173 mona-
