3034 4900
596 369 692 444 82
1020 367 1564 444 CHRONICON
1618 367 2323 444 NOVALICIENSE.

597 551 842 626 omnia
895 552 1198 648 dignum
1249 552 1523 629 feriimet
1637 554 1733 624 At
1785 551 1909 625 ille
1962 577 2105 624 non
2162 554 2401 625 solum
2455 553 2748 651 pacifice

595 651 919 752 pertulit,
971 677 1223 725 verum
1268 651 1488 725 etiam
1535 653 1754 724 aliam
1816 653 2079 724 faciem
2125 653 2365 749 cessit,
2420 677 2565 725 non
2620 653 2749 725 im·
2722 697 2760 713 --

595 776 882 826 mernor
907 753 1230 851 precepti
1276 752 1603 852 Domini·
1662 751 1794 841 Qui
1842 759 1907 824 te
1938 755 2369 846 percussa-it
2410 755 2504 824 in
2533 751 2749 826 'unam

593 852 982 947 maxillam,
1029 853 1244 948 prebe
1295 850 1372 929 εἰ
1391 859 1462 924 et
1507 852 1750 924 aliam.
1830 855 1995 926 Mox
2034 877 2209 926 vero
2256 853 2381 927 ille
2432 856 2749 951 punituS,

383 1014 386 1016 ,
519 1037 524 1042 ,
596 953 730 1026 luit
779 955 1065 1053 culpam
1119 953 1190 1026 in
1246 977 1509 1052 penam
1569 953 1917 1046 tumoris3
1998 957 2365 1053 extemplo
2418 978 2593 1028 vero
2644 967 2751 1028 tu·

595 1055 992 1127 mefactum
1047 1053 1423 1127 brachium
1476 1050 1673 1126 illius
1712 1052 2001 1125 liberari
2056 1078 2201 1126 non
2252 1053 2524 1152 potuit,
2579 1080 2752 1152 quo·

595 1154 981 1252 adusque
995 1151 1150 1254 ipse
1230 1155 1543 1226 ‘domnus
1620 1154 2063 1227 Gotefredus
2144 1178 2289 1225 non
2365 1155 2755 1252 celebravit

598 1255 1034 1329 sacrificium
1085 1279 1218 1353 pro
1273 1279 1381 1325 eo.

743 1356 858 1428 40.
914 1356 1085 1426 Post
1128 1355 1315 1424 haec
1363 1352 1585 1448 igitur
1638 1353 1933 1448 quidam
1986 1352 2415 1427 adolescens
2469 1365 2627 1426 erat
2676 1353 2747 1428 in
2855 1347 2861 1354 ’

594 1452 862 1532 finibus
913 1453 1350 1546 Pollentiae,
1423 1451 1719 1523 nomine
1759 1451 2095 1548 Stabilis,
2147 1464 2352 1527 tante
2406 1455 2747 1554 simplici-

592 1553 804 1649 tatis,
868 1563 949 1624 ut
1015 1553 1426 1648 ignoraret,
1499 1573 1684 1648 quae
1757 1565 1953 1626 esset
2005 1556 2241 1625 forma
2294 1567 2626 1650 segetum
2678 1567 2751 1628 e't

593 1654 981 1768 pecudum,
1092 1655 1436 1726 Attamen
1500 1652 1737 1724 Deum
1806 1653 2107 1726 timebat
2174 1654 2603 1748 studiosius,
2670 1665 2751 1727 ut

591 1779 795 1827 mors
848 1752 1076 1851 ipsius
1129 1763 1389 1850 postea
1443 1753 1753 1825 edocuit.
1862 1755 2193 1826 Mortuus
2238 1779 2409 1827 vero
2465 1765 2544 1826 ut
2592 1756 2747 1852 fuit,

590 1877 800 1928 more
862 1865 1210 1926 consueto
1274 1854 1468 1924 lotus
1535 1867 1650 1926 est
1714 1865 1786 1926 et
1837 1854 1907 1925 in
1960 1856 2233 1927 feretro
2286 1857 2566 1929 locatus
2619 1867 2747 1930 est

590 1955 765 2028 Erat
829 1955 955 2028 illo
1028 1954 1251 2049 igitur
1321 1965 1654 2052 tempore
1716 1953 2098 2026 Albericus
2164 1953 2547 2066 episcopus
2613 1957 2748 2029 Cu-

591 2055 866 2128 mensis
929 2054 1000 2124 in
1069 2054 1331 2126 eodem
1385 2055 1565 2124 1000.
1668 2054 1747 2124 In
1814 2063 2176 2150 tempesta
2240 2052 2461 2164 igitur
2512 2057 2749 2129 noctis

587 2179 636 2227 a
718 2154 1088 2226 cacumine
1169 2154 1353 2226 coeli
1437 2176 1669 2249 usque
1734 2152 1824 2224 ad
1908 2154 2264 2224 feretrum
2327 2153 2563 2225 visum
2636 2166 2750 2226 est

593 2248 1062 2327 descendisse
1129 2256 1595 2352 columpnam
1662 2252 1875 2364 ignis.
1992 2251 2131 2341 Qui
2198 2251 2575 2324 Albericus
2642 2253 2746 2324 vi-

553 2354 776 2440 dens
827 2356 1130 2427 miratus
1185 2366 1336 2448 est,
1394 2367 1466 2426 et
1520 2377 1687 2425 cum
1739 2353 1889 2424 suis
1944 2353 2159 2424 cleris
2210 2378 2345 2452 pro
2396 2352 2747 2466 obsequio

589 2456 784 2529 illius
855 2454 1185 2527 cadaveri
1237 2453 1591 2527 turribula
1646 2465 1718 2525 et
1769 2452 2156 2525 luminaria
2208 2456 2385 2549 fert,
2465 2464 2540 2525 et
2590 2454 2747 2553 ipse

591 2558 1010 2654 frequenter
1063 2555 1218 2627 eius
1270 2554 1496 2653 pedes
1550 2552 1921 2667 osculatus
1974 2564 2127 2649 est,
2206 2565 2283 2627 et
2330 2553 2749 2649 vigiliarum

589 2656 875 2729 cantica
927 2654 1340 2729 celebravit.
1417 2710 1420 2712 Α

476 2832 480 2837 ,
742 2757 858 2829 41.
913 2756 1224 2869 Ipsoque
1275 2779 1450 2827 vero
1505 2766 1839 2852 tempole
1893 2755 2010 2825 fur
2062 2765 2219 2825 e1at
2265 2754 2340 2825 in
2392 2755 2553 2827 loco
2607 2755 2749 2825 No-

589 2854 890 2949 valici0,
945 2856 1066 2952 qui
1121 2855 1438 2929 violabat
1487 2864 1566 2927 et
1614 2853 1909 2930 ledebat
1962 2879 2243 2952 queque
2296 2866 2622 2953 poterat,
2676 2867 2752 2928 et

593 2953 730 3027 sub
786 2966 993 3027 antro
1049 2954 1365 3051 quodam
1419 2952 1857 3051 reponebat
1932 2966 2007 3027 et
2072 2954 2170 3025 ibi
2223 2978 2315 3027 ne
2369 2964 2751 3053 caperetur

589 3053 883 3127 latebat.
1001 2980 1198 3127 HZsec
1263 3053 1531 3149 agebat
1604 3052 1719 3123 die
1788 3053 2013 3125 tercio
2069 3066 2236 3127 ante
2289 3055 2746 3129 nativitatem

590 3154 874 3229 Christi.
974 3155 1045 3228 Is
1112 3178 1288 3249 ergo
1356 3154 1776 3252 exploratus
1844 3162 1958 3226 est
2010 3153 2099 3225 ab
2152 3155 2566 3230 hominibus
2620 3155 2747 3227 de-

579 3255 931 3352 gentibus
1001 3256 1074 3327 in
1127 3254 1252 3327 illo
1306 3255 1509 3347 loco,
1574 3263 1975 3351 captusque
2052 3268 2168 3328 est
2228 3267 2301 3328 et
2340 3256 2442 3328 ad
2494 3280 2744 3329 mona-

587 3357 892 3431 sterium
961 3356 1316 3429 deductus
1386 3364 1463 3427 et
1511 3354 1585 3427 in
1638 3355 2045 3428 custodiam
2122 3356 2415 3429 missus.
2515 3362 2745 3432 Nocte

588 3456 809 3553 igitur
887 3456 1319 3529 adveniente
1396 3455 1640 3527 media
1718 3454 2117 3529 nativitatis
2194 3457 2500 3553 Christi,
2599 3481 2745 3554 qua

589 3557 877 3629 enixam
931 3556 1293 3629 credimus
1326 3554 1456 3631 Dei
1495 3555 1951 3652 genitricem,
2006 3558 2290 3638 solutus
2346 3570 2459 3631 est
2494 3582 2537 3629 a
2587 3582 2745 3629 vm-

587 3656 766 3729 culis
817 3658 1200 3751 ignorante
1253 3682 1362 3731 ec.
1486 3656 1809 3754 lpsemet
1858 3680 2028 3736 mox
2080 3657 2177 3730 cit
2227 3659 2603 3746 custodes,
2666 3666 2746 3727 et

584 3756 830 3855 prodit
860 3780 940 3828 se
984 3778 1167 3829 esse
1191 3759 1549 3849 ‚solutum3
1605 3780 1859 3827 omnes
1891 3780 2066 3829 vero
2108 3758 2469 3831 ammirati
2521 3752 2740 3824 relin-

587 3868 815 3954 quunt
881 3856 1088 3928 illum
1155 3855 1430 3954 absque
1500 3856 1650 3927 ullo
1707 3856 2145 3929 discrimine.

733 3955 984 4029 42.1n
1028 3954 1292 4031 eodem
1337 3956 1498 4027 loco
1539 3957 1729 4029 forte
1782 3955 1997 4070 lupus
2041 3956 2339 4028 veniens
2392 3978 2434 4025 a
2486 3977 2741 4052 super-

591 4054 754 4129 cilio
807 4056 1486 4153 montiS,pue1um
1536 4055 1857 4153 captavit
1904 4058 1976 4129 in
2047 4052 2390 4150 predam,
2468 4066 2540 4129 et.
2609 4080 2739 4127 oie

587 4156 752 4235 tulit
813 4158 886 4231 in
956 4158 1222 4235 vallem
1295 4180 1480 4255 quae
1532 4167 1834 4241 vocatur
1881 4153 2208 4249 Frigida,
2286 4179 2431 4230 non
2484 4148 2741 4254 procul
