3034 4900
501 297 603 372 56
963 295 1514 373 CHRONICON
1563 295 2275 377 ‚NOVALICIENSR

503 479 672 553 Non
721 482 904 553 enim
954 481 1272 576 iacebat,
1340 486 1424 553 ut
1467 503 1628 554 mos
1678 488 1788 556 est
1834 481 2143 555 aliorum
2195 481 2691 570 defunctorum

506 603 856 676 corpora,
931 581 1060 654 sed
1108 584 1183 654 in
1233 581 1605 678 quandam
1654 582 2079 656 cathedram
2128 606 2256 656 ceu
2321 585 2521 658 vivus
2572 593 2687 655 're-

503 679 800 756 sidebat.
909 682 1266 754 Coronam
1321 704 1627 754 auream
1678 688 1843 754 erat
1870 689 2284 779 coronatus,
2336 691 2691 778 sceptrum

505 803 670 852 cum
719 780 1176 854 mantonibus
1224 780 1486 854 indutis
1538 787 1778 855 tenens
1825 784 1901 854 in
1948 784 2301 878 manibus,
2358 808 2406 856 a
2440 783 2691 881 quibus

505 881 658 952 iam
704 882 852 977 ipse
895 880 1160 977 unyule
1200 881 1655 976 perforando
1700 889 2227 976 processerant.
2330 883 2517 956 Erat
2558 905 2688 954 au-

507 985 648 1052 tem
679 1005 904 1075 supra
937 1005 1014 1054 se
1045 983 1409 1076 tuqurium
1450 1003 1541 1053 ex
1589 980 1785 1054 calce
1836 988 1909 1055 et
1949 984 2435 1057 marmoribus
2482 981 2693 1056 valde

507 1083 996 1175 compositum.
1128 1081 1336 1171 Quod
1397 1081 1521 1154 ubi
1583 1081 1686 1154 ad
1734 1104 1895 1154 eum
1942 1085 2268 1156 venimus
2276 1139 2297 1177 ,
2359 1085 2693 1176 protinus

505 1182 582 1253 in
616 1203 776 1252 eum
823 1183 1159 1268 foramen
1207 1180 1617 1276 franyendo
1668 1183 1985 1269 fecimus.
2088 1180 2182 1256 At
2222 1182 2341 1256 ubi
2383 1182 2484 1254 ad
2534 1205 2695 1255 eum

509 1282 813 1376 inyressi
889 1305 1137 1354 sumus
1161 1337 1184 1376 ,
1289 1280 1587 1353 odorem
1658 1284 2187 1376 permaximum
2267 1283 2693 1355 sentivimus.

508 1377 990 1454 Adoravimus
1057 1403 1232 1474 eryo
1311 1403 1470 1452 eum
1548 1383 1795 1452 statim
1864 1381 2245 1475 poplitibus
2318 1383 2519 1467 flexis
2606 1405 2699 1453 ac

507 1481 724 1550 ienua
745 1507 776 1571 ,-
827 1481 1205 1576 statimque
1243 1478 1404 1552 Otto
1441 1481 1846 1574 imperator·
1887 1480 2069 1553 albis
2120 1503 2282 1552 eum
2332 1482 2695 1553 vestimen-

507 1579 600 1651 tis
664 1579 924 1673 induit,
985 1579 1436 1676 ‘unyulasque
1502 1579 1787 1674 incidit,
1859 1586 1933 1654 et
1993 1582 2239 1655 omnia
2305 1579 2699 1669 deficientia

509 1680 710 1751 circa
759 1702 916 1751 eum
987 1681 1377 1774 reparavit.
1478 1679 1600 1752 Nil
1661 1702 1827 1752 vero
1890 1704 1979 1752 ex
2046 1680 2320 1754 artibus
2369 1681 2518 1752 suis
2564 1702 2697 1773 pu-

510 1779 892 1852 trescendo
947 1780 1185 1852 adhuc
1253 1778 1651 1875 defecerat,
1730 1780 1861 1853 sed
1936 1780 2023 1853 de
2087 1781 2419 1852 sumitate
2488 1781 2703 1854 nasui

510 1880 626 1952 sui
674 1902 940 1974 parum
987 1882 1223 1953 minus
1271 1888 1471 1973 erat5
1524 1903 1744 1976 quam
1795 1905 1882 1952 ex
1934 1903 2117 1952 auro
2168 1880 2329 1952 ilico
2378 1881 2552 1966 fecit
2588 1903 2701 1952 re-

509 1980 706 2052 stitui
716 2035 739 2074 ,
796 1979 1306 2075 abstraensque
1358 1980 1449 2052 ab
1501 1979 1687 2052 illius
1736 1979 1909 2053 hore
1961 1980 2237 2052 dentem
2286 2001 2527 2074 unum,
2589 2002 2700 2052 re·

515 2077 896 2167 aediftcato
947 2077 1306 2173 tuguriolo
1361 2079 1555 2150 abiit.

990 2177 1418 2254 EXPLICIT
1469 2177 1749 2252 LIBER
1806 2177 2225 2252 TERTIUS.

877 2352 1355 2428 INCIPIUNT
1409 2350 1873 2427 CAPITULA
1933 2348 2185 2422 LIBRI
2238 2349 2354 2422 IV.
2411 2409 2419 2418 .

666 2494 728 2565 l.
782 2489 890 2567 De
939 2489 1352 2562 sanctisimo
1385 2486 1717 2561 Eldrado
1756 2486 2017 2561 abbate
2048 2486 2271 2580 ipsius
2306 2485 2465 2581 loci,
2518 2487 2707 2560 unde

785 2586 1135 2663 oriundus
1187 2590 1426 2661 extitit.

667 2690 736 2764 2.
793 2689 1003 2779 Quod
1065 2690 1215 2763 suis
1264 2688 1702 2783 temporibus
1762 2710 1891 2761 rea·
1942 2685 2327 2760 Lotbarius
2390 2685 2705 2780 reyalem

790 2788 1156 2885 quondam
1205 2790 1721 2863 monasterium
1749 2787 2260 2861 Novaliciensis
2309 2786 2705 2860 tradiderit.

667 2886 735 2962 3.
789 2888 897 3079 tlge
933 2887 1353 3059 pampanile
1402 2890 1476 2960 in
1522 2891 1681 2983 ipso
1729 2889 2168 2961 monasterio
2223 2886 2316 2959 ab
2354 2888 2509 3025 ipso
2562 2885 2707 2958 edi·

842 3011 931 3060 ca
965 3011 1009 3059 o

669 3091 737 3163 4.
791 3086 1120 3181 Epistola
1170 3088 1408 3160 sancti
1458 3083 1807 3158 Elderadi
1862 3083 1966 3157 ad
2012 3084 2305 3156 Florum
2360 3082 2653 3159 directa.

667 3188 734 3262 5.
787 3188 1232 3281 Rescriptum
1280 3186 1478 3261 Flori
1531 3185 1634 3259 ad
1684 3185 1969 3258 beatum
2016 3182 2481 3257 Elderadum.

670 3290 736 3364 6.
789 3288 967 3361 Item
1015 3286 1274 3361 Florus
1327 3286 1430 3361 ad
1479 3286 1778 3361 eundem
1830 3284 2185 3359 abbatem.

670 3389 739 3466 7.
793 3388 903 3461 De
971 3386 1286 3484 quodam
1346 3410 1576 3484 puero
1642 3384 2036 3482 monacho,
2108 3384 2202 3457 ab
2262 3387 2413 3459 eius
2461 3385 2708 3458 tumba

792 3488 1163 3561 humerum
1215 3487 1594 3561 cuiusdam
1641 3489 1983 3574 ferentem
2032 3487 2282 3563 sancti.

671 3587 740 3661 8.
792 3589 902 3662 De
935 3587 1412 3662 venatoribus
1446 3587 1765 3685 quodam
1806 3587 1901 3659 ab
1954 3591 2167 3659 antro
2204 3608 2341 3659 suo
2392 3581 2705 3678 repulsis.

670 3690 737 3763 9.
794 3687 902 3759 De
967 3687 1168 3761 bubis
1237 3695 1448 3785 atque
1519 3686 1858 3781 caballis,
1930 3708 2108 3782 quos
2160 3685 2254 3758 ab
2306 3684 2710 3773 infirmitate

800 3786 1130 3859 liberavit
1172 3788 1284 3859 ve'l
1332 3789 1604 3861 liberat.

626 3890 738 3961 10.
793 3886 900 3959 De
951 3909 1062 3958 me
1088 3887 1326 3981 etiam,
1381 3910 1589 3983 quem
1637 3887 1966 3960 liberavit
1998 3908 2046 3957 a
2096 3884 2343 3995 dolore
2374 3880 2707 3953 dentium.

627 3990 742 4061 ll.
796 3988 904 4061 De
967 3984 1284 4085 quodam
1354 4008 1585 4083 aequo
1650 3986 1783 4060 sibi
1840 3986 2198 4082 promisso
2217 4036 2238 4075 ,
2304 3979 2611 4077 qualiter
2662 4004 2710 4053 a

797 4092 1026 4163 morte
1076 4086 1419 4161 liberavit.
