3034 4900
1041 371 1317 450 LIBER·
1351 373 1729 452 PRIMUS.
1968 405 1975 414 ·
2440 379 2488 456 3

294 560 595 634 tendam
629 569 1045 632 ·.venerunt.
1167 555 1510 656 Ingressi'
1545 559 1771 664 igitur
1815 559 2285 657 Longobardi
2343 563 2487 639 Ita·

291 659 517 758 Ιίειῐῐί,δ
544 661 856 734 Romam
893 657 1252 758 oeperunt
1294 673 1383 735 et=
1407 673 1744 736 montem
1779 661 2165 737 Cassinum
2218 663 2309 735 ad
2366 688 2485 738 so-

293 761 450 833 lum
515 768 761 859 usque
807 761 1259 834 deleverunt.
1378 761 1597 836 Facta
1665 771 1783 835 est
1850 774 2098 836 autem
2168 763 2306 836 hec
2354 765 2483 838 de·

291 862 606 935 structio
687 860 824 934 sub
896 860 1163 933 abbate
1230 859 1573 958 Bonicio.,
1654 861 1791 960 qui·
1854 861 1995 937 fuit
2060 863 2359 975 quintus
2438 887 2481 938 a

291 959 512 1033 beato
580 959 1003 1035 Benedioto.
1143 960 1410 1034 Mansit
1491 971 1743 1032 autem
1811 961 2019 1036 locus
2087 963 2216 1035 ille
2294 964 2480 1042 lucis

291 1060 570 1158 absque
633 1060 943 1134 alicuius
1006 1057 1332 1133 hominis
1393 1059 1823 1134 habitudine
1876 1065 2174 1137 centum
2226 1073 2303 1136 et
2353 1065 2479 1136 de-

289 1183 453 1234 cem
521 1159 810 1254 annos]
1191 1169 1196 1174 “
2076 1205 2081 1213 ·

440 1261 594 1356 [ll.
665 1257 902 1354 Igitur
949 1267 1240 1356 septe-m
1293 1255 1506 1330 annis
1558 1269 1953 1356 postquam
2006 1261 2479 1359 Longobardi

287 1358 604 1432 Romam
635 1358 710 1430 vi
741 1364 1202 1454 acceperant,
1257 1357 1744 1452 egressi-tres
1798 1361 2024 1434 duces
2076 1362 2480 1461 supradicti

286 1457 732 1534 inGalliam
787 1458 878 1530 ad
927 1457 1430 1555 predandum⁷
1479 1460 1670 1531 Amo
1722 1460 2021 1557 quidem
2074 1474 2149 1536 et
2199 1459 2481 1536 Zabam

285 1581 430 1656 per·
471 1571 806 1632 montem
859 1557 1256 1632 Geminum
1309 1558 1844 1656 ascenderunt,
1898 1560 2247 1636 Rodanus
2298 1561 2477 1638 vero

283 1660 600 1732 alteram
667 1658 868 1732 viam
937 1655 1286 1756 carpens,
1351 1681 1488 1756 per
1552 1671 1885 1734 montem
1956 1661 2315 1736 Cinisium
2382 1663 2477 1736 ad

289 1759 872 1856 Gratianopolim
915 1781 1080 1829 cum
1133 1760 1286 1831 suis
1341 1759 1695 1832 ascendit.
1774 1761 1917 1848 Qui
1972 1785 2139 1834 cum
2192 1763 2287 1835 ad
2329 1766 2475 1837 No·

289 1859 677 1932 valitiense
728 1858 1058 1931 venisset
1107 1856 1586 1954 coenobium,
1645 1859 1922 1932 multos
1972 1883 2067 1932 ex
2116 1861 2264 1934 inis
2318 1883 2476 1936 mo-

287 1958 578 2056 nachis,
655 1959 778 2056 qui
847 1980 980 2056 pro
1050 1956 1362 2028 Domino
1433 1957 1624 2030 mori
1696 1983 1845 2030 non
1887 1972 2476 2060 recusaverunt,

287 2083 604 2156 quorum
647 2059 921 2132 milites
954 2057 1356 2130 sanctiores
1389 2069 1623 2154 erant‚
1676 2058 2089 2156 interfecit3
2146 2062 2268 2135 alii
2294 2087 2475 2136 vero

286 2182 422 2258 per
472 2157 818 2233 finestras
873 2170 948 2232 et
1001 2157 1291 2231 ostialia
1343 2181 1478 2255 per
1544 2158 1763 2231 devia
1816 2159 2179 2234 montium
2232 2175 2309 2237 et
2357 2188 2479 2236 ru·-

288 2259 492 2357 pium
547 2262 721 2352 fuga
777 2270 1190 2329 evaserunt.
1294 2257 1498 2328 Tunc
1550 2255 1797 2330 autem
1834 2257 2204 2356 direptum
2258 2275 2333 2336 et
2371 2263 2479 2336 in-

284 2379 596 2431 censum
632 2355 1196 2447 monasterium3
1254 2353 1400 2426 duo
1451 2355 1590 2427 soli
1646 2379 1823 2429 vero
1876 2357 2088 2456 pueri
2138 2355 2274 2432 sub
2322 2363 2477 2459 pal·

288 2456 388 2533 lio
443 2458 696 2531 altaris
747 2458 1065 2531 latentes
1120 2454 1466 2529 divinitus
1536 2457 1798 2530 salvati
1851 2468 2023 2531 sunt
2066 2513 2442 2536 .......
2446 2460 2476 2557 ]
2544 2499 2548 2503 -

437 2559 589 2655 [12.
661 2558 741 2629 In
795 2555 992 2629 dicto
1049 2578 1340 2650 quoque
1393 2556 1849 2629 monasterio
1901 2556 2041 2629 fuit
2086 2560 2264 2631 olim
2321 2556 2477 2658 qui·

285 2659 462 2732 dam
511 2654 772 2748 abbas]
843 2649 2087 2751 nomineElderadus‘sa[nctitate
2153 2659 2477 2755 fulgens,

285 2770 364 2833 et
413 2750 802 2855 sapientia]
854 2756 1145 2853 plenus,
1199 2752 1573 2825 miraculis
1624 2752 1885 2829 clarus}
1966 2751 2476 2834 Hic‘multum

291 2858 728 2930 thesaurum
797 2854 871 2927 in
956 2854 1120 2953 ipso
1205 2852 1597 2939 fabricavit
1658 2856 1780 2928 vel
1862 2854 2219 2933 adunavit
2286 2860 2479 2959 loco,

291 2949 920 3055 quemadmodum
989 2953 1158 3027 odie
1210 2952 1535 3027 cernitur
1598 2952 1672 3027 in
1726 2954 1907 3054 ipsis
1959 2957 2159 3033 vasis
2192 2960 2476 3035 *aureis

287 3058 410 3132 vel
462 3056 833 3158 argenteis
884 3055 1006 3128 vel
1047 3053 1254 3127 libris
1305 3052 1396 3125 ab
1448 3054 1612 3152 ipso
1666 3056 2114 3163 compositis.
2190 3059 2480 3141 Eodem

287 3168 540 3233 autern
591 3170 930 3257 tempore
981 3165 1345 3227 venerunt
1385 3151 1684 3251 quidam
1728 3157 2071 3230 monachi
2108 3157 2183 3229 in
2217 3160 2474 3257 ipsam

285 3256 662 3332 abbatiam
694 3258 785 3331 ad
834 3255 1176 3329 abbatem
1211 3253 1735 3352 Eldaeradum‚
1784 3255 2025 3329 virum
2061 3280 2197 3355 per
2230 3259 2481 3331 omnia

288 3358 826 3451 sanctisimum,
881 3355 998 3452 qui
1052 3354 1486 3431 habitabant
1540 3355 1612 3427 in
1655 3357 1939 3433 ‘vanem
1989 3354 2479 3429 Brianconen-

293 3478 482 3553 sem,
531 3457 656 3529 ubi
711 3456 877 3529 odie
923 3454 1188 3526 dicitur
1220 3454 1776 3527 Monasterium.
1853 3453 2238 3531 Habentur
2268 3479 2477 3529 nam-

292 3578 437 3653 que
508 3554 582 3628 in
651 3556 844 3631 dicto
913 3555 1074 3629 vico
1143 3553 1410 3627 balnea
1473 3554 1753 3649 calida,
1840 3577 2056 3627 muro
2136 3566 2211 3629 et
2277 3556 2479 3631 calce

290 3654 473 3729 olim
555 3655 1000 3752 composita,
1088 3665 1162 3727 et
1253 3656 1571 3751 quatuor
1656 3649 1964 3726 ecclesie
2006 3650 2126 3727 'ab
2194 3656 2481 3747 eisdem

289 3755 678 3830 monachis
753 3752 1173 3848 edificatae,
1249 3776 1400 3825 una
1469 3751 1581 3823 in?
1627 3752 1912 3827 honore
1980 3764 2307 3831 sanctae·
2345 3756 2483 3829 Dei

291 3854 716 3953 genetrici5‚
772 3854 916 3928 alia
967 3874 1286 3949 namque
1339 3851 1414 3925 in
1465 3852 1751 3927 honore
1803 3852 2001 3927 beati
2046 3855 2281 3952 Petri,
2336 3867 2485 3930 ter-

294 3956 404 4029 cia
468 3982 647 4031 vero
720 3956 792 4029 in
858 3956 1141 4028 honore
1209 3951 1442 4029 sancti
1491 3952 1875 4049 Andreae,
1947 3964 2021 4027 et
2082 3967 2341 4053 quarta
2407 3956 2482 4030 in

292 4054 576 4131 honore
641 4054 834 4130 beati
911 4051 1208 4128 Martini
1281 4053 1589 4149 gloriosi
1658 4054 2131 4129 confessoris.
2255 4054 2485 4131 Vallis

290 4153 455 4253 ipsa
505 4156 1028 4232 venacionibus
1082 4163 1159 4227 et
1207 4153 1747 4253 piscacionibus
1780 4166 1994 4254 apta,
2048 4155 2182 4228 sed
2236 4180 2279 4227 a
2328 4178 2483 4227 ser-

1814 4274 1922 4343 l*
