3034 4900
991 365 1268 442 LIBER
1319 363 1833 440 SECUNDUS.
2348 431 2353 438 ,
2408 372 2506 448 27

467 559 593 631 10.
657 552 948 626 Interea
1017 553 1093 624 in
1162 552 1428 626 eodem
1474 555 1947 628 monasterio
2002 579 2136 654 pro
2200 579 2506 650 consue·

321 655 574 732 tudine
645 653 930 726 eisdem
998 653 1458 752 temporibus
1538 655 1808 728 dicitur
1865 655 2219 728 habuisse
2299 657 2505 754 plau·

319 767 558 830 strum
595 755 940 848 ligneum-
959 753 1144 827 mire
1177 749 1761 852 pulchritudinis
1771 746 2184 854 operatum,
2234 756 2309 827 in
2359 781 2505 868 quo

319 856 544 929 nichil
588 853 977 951 aliquando
1033 856 1270 952 fertur
1302 867 1645 968 portasse
1678 857 1950 954 aliquid
1984 867 2237 970 preter
2284 861 2509 929 unam

317 957 716 1068 pertica-m,
804 976 992 1052 quae
1056 947 1450 1052 sepissime
1520 954 2031 1054 configebatur
2100 950 2174 1028 in
2240 979 2370 1053 ec,
2446 955 2509 1029 si

317 1055 724 1130 necessitas
779 1059 1210 1148 cogeretur3
1280 1053 1392 1126 sin
1447 1063 1723 1152 autem,
1776 1057 2177 1130 tollebatur
2237 1065 2313 1128 et
2364 1055 2509 1129 alio

323 1156 397 1229 in
459 1153 620 1227 loco
683 1151 1244 1224 recondebatur.
1360 1152 1444 1225 In
1498 1154 1703 1228 cuius
1758 1156 2183 1230 summitate
2230 1158 2509 1260 ferunt,

322 1253 450 1367 qui
499 1253 754 1325 videre
806 1252 926 1324 vel
980 1252 1234 1324 audire
1300 1277 1340 1324 a
1393 1253 1815 1329 videntibus
1867 1253 2305 1354 potuerunt,
2384 1257 2511 1328 ha-

323 1352 574 1426 buisse
623 1347 1195 1426 tintinnabulum
1241 1374 1695 1468 appensum,
1726 1345 1965 1430 valde
2018 1367 2513 1431 resonantem.

326 1455 588 1529 Cortes
633 1475 812 1525 vero
860 1453 982 1525 vel
1029 1453 1231 1526 vicos
1247 1453 1499 1567 'ipsius
1552 1457 2007 1549 monasterii,
2062 1481 2279 1556 quae
2300 1467 2517 1531 erant

321 1552 817 1668 proximiores
861 1553 1313 1626 monasterio
1367 1580 1502 1654 per
1553 1556 1809 1630 Italiae
1875 1559 2142 1654 tellus,
2213 1557 2288 1630 in
2358 1557 2514 1654 qui-

326 1655 466 1727 bus
493 1652 826 1727 ministri
845 1648 1381 1728 monachorum
1393 1657 1803 1771 oportunis
1842 1657 2303 1755 temporibus
2347 1681 2517 1730 con

325 1750 780 1851 gregabant
793 1776 1109 1848 granum
1161 1766 1290 1828 aut
1341 1755 1617 1830 vinum.
1724 1760 1909 1830 Cum
1958 1769 2210 1830 autem
2262 1781 2517 1829 neces-

329 1857 510 1928 sitas
591 1851 913 1925 vehendi
1001 1855 1331 1949 exigeret
1413 1855 1504 1926 ad
1586 1855 2123 1944 monasterium
2201 1856 2521 1928 eundem

331 1965 760 2068 sumptum5
819 1953 1254 2026 mittebatur
1312 1939 1745 2055 plaustrum
1788 1957 1931 2030 hoc
1974 1979 2139 2028 cum
2193 1951 2523 2069 predicta

329 2055 610 2167 pertica
677 2052 753 2126 in
817 2077 908 2128 eo
981 2053 1292 2130 conficta
1344 2080 1514 2130 cum
1577 2058 1793 2132 skilla
1846 2055 1938 2129 ad
1990 2056 2365 2156 predictos
2416 2054 2523 2128 vi-

333 2177 484 2254 cos,
537 2153 614 2226 in
667 2154 932 2252 quibus
985 2155 1266 2230 scilicet
1314 2159 1494 2232 vicis
1530 2157 2115 2232 inveniebantur
2170 2153 2524 2230 nonnulla

333 2257 476 2328 alia
526 2257 857 2365 plaustra
909 2251 1397 2351 congregata,
1467 2259 1905 2352 plerumque
1976 2267 2322 2349 centena,
2394 2257 2525 2328 ali-

337 2353 630 2454 quando
693 2351 918 2467 etiam
985 2355 1540 2470 quinquagena,
1613 2379 1801 2454 quae
1871 2353 2309 2427 deferebant
2376 2356 2526 2426 fru-

333 2464 632 2529 menta
650 2456 775 2527 vel
825 2454 1076 2527 vinum
1142 2454 1236 2528 ad
1289 2455 1739 2531 antedictum
1791 2455 2249 2529 coenobium.
2370 2456 2531 2529 Hoc

339 2578 516 2629 vero
567 2556 987 2653 plaustrum
1041 2555 1484 2627 dominicale
1535 2558 1639 2627 nil
1695 2554 1787 2627 ob
1844 2556 2043 2627 aliud
2097 2555 2531 2629 mittebatur

337 2656 494 2729 nisi
551 2667 634 2727 ut
696 2664 1189 2749 agnoscerent
1263 2654 1589 2727 universi
1658 2666 2085 2752 magnateS‚
2164 2655 2360 2753 quod
2440 2670 2531 2727 ex

338 2756 467 2827 illo
537 2754 792 2825 inclito
859 2762 1114 2825 essent
1162 2755 1496 2851 plaustra
1549 2754 2025 2827 monasterio,
2130 2755 2213 2827 ln
2266 2754 2531 2861 quihus

343 2862 506 2926 erat
541 2854 791 2924 nullus
825 2853 1010 2967 dux2
1050 2854 1403 2952 marchia,
1457 2877 1733 2951 eomes,
1785 2856 2061 2953 presul,
2116 2856 2533 2929 vicecomes

343 2966 472 3028 aut
520 2953 836 3049 villicuS,
889 2952 1012 3050 qui
1067 2954 1594 3054 qualicumque
1634 2956 1986 3030 violentia
2034 2956 2341 3030 auderet
2392 2956 2545 3051 eis-l

344 3055 516 3129 dem
569 3053 920 3152 plaustris
979 3054 1278 3153 infer-,re
1397 3056 1588 3131 Nam
1652 3081 1787 3155 per
1840 3059 2043 3129 foros
2095 3048 2389 3157 Italiae
2406 3078 2535 3129 an-

343 3156 631 3251 nualeS,
683 3166 794 3227 ut
818 3154 1138 3252 tradunt,
1193 3157 1440 3230 nullus
1475 3156 1795 3231 audebat
1826 3158 2127 3255 negotia
2158 3152 2533 3251 exercere,

345 3256 584 3327 donec
647 3254 966 3355 eundem
1031 3257 1445 3353 plaustrum
1513 3250 1879 3331 vidissent
1942 3256 2293 3329 advenire
2342 3278 2537 3329 mer-

346 3365 636 3428 catores
700 3378 867 3426 cum
935 3356 1167 3429 skilla.
1285 3356 1613 3453 contigit
1682 3370 1933 3431 autem
2002 3350 2353 3453 quadam
2392 3354 2535 3452 die,

346 3456 429 3527 ut
485 3452 806 3527 ministri
873 3456 1102 3569 ipsius
1167 3456 1523 3530 ecclesiae
1590 3482 1758 3529 cum
1823 3454 2267 3555 supradictis
2327 3456 2537 3561 plau-

349 3553 626 3627 strihus
677 3554 1001 3629 oneratis
1072 3556 1290 3631 solito
1346 3558 1687 3630 venirent
1746 3580 1955 3628 more
2018 3556 2111 3628 ad
2162 3552 2535 3630 monaste-

348 3654 566 3727 rium.
685 3656 827 3743 Qui
896 3657 1280 3730 venientes
1360 3658 1433 3729 in
1507 3656 1669 3753 ipsa
1748 3656 2035 3754 valle,
2064 3654 2140 3728 in
2214 3657 2537 3758 quodam

347 3765 567 3853 prato
631 3754 1073 3847 invenerunt
1142 3746 1497 3828 familiam
1565 3755 1766 3851 regis
2024 3786 2031 3793 ·
2229 3778 2539 3855 pascen-

349 3864 464 3927 tes
528 3878 763 3953 equos
837 3854 1107 3951 regios.
1233 3856 1386 3970 ,Qui
1457 3810 1704 3929 statim
1772 3866 1852 3929 ut
1925 3852 2270 3929 viderunt
2336 3867 2543 3931 tanta

348 3953 544 4028 bona
597 3955 832 4029 servis
884 3956 1020 4028 Dei
1073 3956 1527 4053 ministrare,
1583 3958 1779 4029 fastu
1847 3955 2237 4054 superbiae
2304 3954 2541 4029 inflati

351 4054 747 4150 insurgunt
795 4056 965 4131 ilico
1019 4079 1245 4156 super
1285 4056 1572 4131 eisdem
1613 4055 2061 4153 hominibus.
2116 4050 2541 4129 auferentes

353 4153 446 4227 ab
498 4154 608 4229 eis
659 4158 910 4231 omnia
962 4181 1150 4257 quae
1203 4156 1660 4235 deferebant.
1778 4156 1920 4247 Qui
1962 4156 2365 4230 defendere
2414 4173 2540 4227 vo·-
