3034 4900
571 347 698 412 ,Vm
995 329 1537 410 CHRONlCON
1589 333 2288 412 NOVALICIENSE.

567 515 785 588 voluit
831 538 978 588 una
1027 539 1185 588 cum
1237 516 1478 589 codice
1527 516 1977 611 diplomatico
2028 517 2496 612 Novaliciensi
2511 545 2541 609 ,-
2588 515 2717 590 sed

564 615 676 697 hic
725 613 895 689 liber
943 616 1196 689 nullius-
1242 618 1466 710 pretii,
1520 619 1771 712 quippe
1820 625 2009 692 totus
2066 624 2390 712 exceptus
2438 642 2525 690 ecc
2574 617 2712 690 Ro-

565 716 806 789 cheoeio
855 723 926 789 et
973 719 1119 788 vita
1166 715 1237 788 S.
1291 717 1623 811 Eldradi,
1691 719 1761 788 in
1807 743 1878 812 p.
1900 720 2076 794 114.
2130 719 2427 813 abrupte
2474 721 2713 806 finitur

565 820 638 890 in
687 816 931 889 mediis
981 817 1210 910 rebus,
1261 840 1479 912 neque
1532 816 1721 913 quod
1776 818 2077 902 daturus
2124 825 2286 891 erat
2334 818 2715 892 chronicon

565 941 728 990 cum
778 918 1042 991 chartis
1101 940 1414 1012 unquam
1463 917 1689 989 lucem
1746 918 1937 992 vidit.
2049 920 2407 1014 Inteqram
2474 918 2712 990 editio-

565 1041 724 1090 nem
767 1020 1058 1113 primus·
1091 1017 1282 1099 dedit
1327 1017 1897 1091 Muratorius
1950 1043 2019 1091 a.
2043 1021 2251 1095 1726.
2304 1020 2376 1091 in
2421 1020 2715 1112 scripto-

565 1119 760 1193 ribus
823 1142 958 1192 rer.
1009 1117 1167 1190 Ital.
1221 1118 1326 1211 II,
1381 1118 1462 1201 2,
1520 1119 1680 1194 697.
1752 1141 1835 1191 ecc
1898 1120 2318 1215 apoqrapho
2372 1118 2712 1212 Malaspi-

565 1221 806 1314 manc,
857 1240 1114 1292 manco
1167 1224 1237 1289 et
1282 1217 1520 1290 malae
1566 1224 1801 1314 notae,
1854 1219 2045 1312 quod
2095 1244 2161 1292 a.
2204 1221 2409 1294 1740.
2464 1221 2535 1290 in
2575 1217 2713 1290 An-

564 1321 724 1414 tiqq.
753 1312 955 1392 med.
1011 1319 1166 1390 aevi
1215 1317 1340 1409 III,
1391 1319 1559 1394 963.
1630 1338 1715 1390 ex
1769 1317 2289 1392 Robilandiano
2355 1318 2713 1413 supplevit.

562 1419 866 1492 Inseruit
910 1420 1057 1490 suis
1106 1417 1317 1511 locis,
1371 1441 1555 1513 quae
1604 1417 2040 1505 Duchesnius
2094 1443 2179 1492 ex
2226 1420 2404 1492 libro
2456 1417 2713 1514 quarto
2830 1509 2833 1514 Ι

565 1525 896 1612 excerpta
923 1517 1241 1612 dederat,
1293 1524 1363 1607 et
1388 1517 1675 1592 notulas
1726 1519 2079 1614 quasdam
2118 1521 2439 1615 aspersit,
2494 1542 2753 1612 raras¹

562 1643 690 1692 nec
741 1620 834 1693 ab
883 1621 1036 1712 ipso
1085 1620 1332 1713 maqni
1375 1621 1638 1713 factas,
1692 1621 1940 1714 quippe
1990 1620 2108 1715 qui
2158 1626 2520 1712 auctorem
2567 1618 2737 1692 No-

564 1720 1007 1792 valiciensem
1070 1721 1358 1790 nimium
1424 1718 1867 1814 despiciebat.
2003 1719 2282 1792 Novam
2346 1720 2713 1791 editionem

565 1821 672 1892 Te
689 1842 1076 1892 araneus
1119 1821 1418 1914 paravit
1429 1847 1456 1909 ,-
1531 1819 1898 1914 descripsit
1958 1827 2224 1894 textum
2273 1819 2710 1894 Muratoria-

561 1939 768 2016 num,
832 1923 946 1992 cui
1007 1926 1336 2014 excerpta
1400 1919 1831 1992 Baldessani
1891 1920 2088 2014 apud
2129 1927 2377 2016 patres
2428 1919 2501 1992 S.
2554 1921 2711 1992 Iesu
2760 1921 2765 1929 '

560 2028 726 2096 tunc
788 2019 1077 2095 servata
1128 2021 1422 2092 inseruit
1458 2022 1770 2114 primus,
1851 2043 2094 2092 versus
2156 2020 2243 2092 de
2322 2019 2411 2092 W
2404 2018 2712 2092 althario

563 2145 649 2194 esc
701 2121 1104 2192 coniectura
1155 2120 1488 2212 restituit,
1560 2118 1817 2198 adiecit
1862 2121 2109 2192 varias
2179 2120 2505 2194 lectiones
2566 2119 2710 2192 edi-

562 2223 770 2294 tionis
804 2218 1369 2315 Duchesnianae,
1403 2242 1673 2292 necnon
1715 2226 1784 2292 et
1815 2225 2051 2313 notaS,
2104 2221 2175 2291 in
2220 2219 2467 2316 quibus
2498 2243 2711 2316 quae·
2826 2279 2833 2290 .

563 2321 736 2394 dam
785 2322 1024 2392 insunt
1068 2320 1298 2398 bonae
1343 2321 1594 2414 fraqis.
1692 2318 1786 2392 At
1830 2322 1947 2416 qui
1976 2320 2220 2393 multa
2266 2322 2557 2415 incepit,
2610 2320 2709 2392 nil

561 2423 816 2516 linivit,
882 2414 1069 2494 hanc
1133 2443 1404 2517 quoque
1467 2419 1837 2503 editionem
1904 2422 2391 2514 imperfectam
2442 2421 2719 2517 reliquit

545 2527 741 2595 -inter
802 2520 1104 2595 schedas
1165 2544 1340 2596 suas
1410 2522 1559 2593 iam
1626 2523 1699 2593 in
1762 2518 2177 2593 bibliotheca
2238 2522 2713 2595 universitatis

547 2624 1014 2695 ‘Taurinensis
1075 2619 1557 2695 conservatas.
1685 2620 1883 2694 Idem
1947 2621 2011 2692 E
2026 2623 2337 2717 uqenio
2403 2622 2505 2693 de
2570 2622 2710 2693 Le-

535 2722 710 2796 'wis
763 2722 1038 2795 accidit.
1138 2722 1276 2793 Hic
1336 2742 1641 2817 quoque,
1712 2722 2023 2795 nesciens
2086 2746 2277 2817 quae:
2322 2722 2714 2795 Terraneus

561 2826 708 2895 iam
753 2829 1180 2915 paraverat,
1255 2821 1623 2896 editionem
1672 2821 2059 2896 Muratorii
2110 2821 2211 2895 ad
2260 2821 2545 2895 verbum
2596 2822 2712 2894 de-

560 2924 876 3016 scripsit,
942 2920 1368 2999 Baldessani
1435 2927 1765 3017 excerpta
1830 2945 1916 2992 ex
1970 2921 2213 2994 eodem
2264 2946 2401 3018 quo
2460 2923 2709 2994 Terra-

563 3047 735 3098 neus
770 3022 1217 3117 autoqrapho
1269 3022 1629 3116 supplevit,
1681 3024 1928 3093 varias
1978 3021 2303 3095 lectiones
2335 3021 2713 3095 Duchesnii

566 3124 821 3197 adiecit
867 3144 1106 3195 omnes
1124 3179 1144 3215 ,
1197 3122 1460 3211 codicis
1507 3145 1673 3194 vero
1728 3121 2157 3216 autoqraphi
2206 3122 2713 3195 Novaliciensis

565 3266 658 3279 --
725 3222 1042 3296 mirabile
1105 3223 1341 3295 dictul.
1397 3264 1490 3275 —-
1558 3222 1840 3318 aliquas
1904 3228 2181 3295 tantum
2191 3250 2238 3314 ,ἡ
2304 3245 2547 3295 versus
2626 3223 2709 3296 de

575 3324 664 3397 W
655 3323 963 3397 althario
1015 3336 1102 3395 ex
1149 3322 1457 3395 Fischeri
1505 3318 1801 3395 editione
1850 3322 1961 3394 hic
2009 3322 2149 3395 illic
2196 3325 2458 3417 refecit,
2522 3347 2711 3395 com-

561 3427 984 3497 mentarium
1036 3423 1328 3520 denique
1367 3424 1670 3509 confecit
1709 3422 2237 3518 amplissimum,
2290 3423 2418 3509 s‚ed
2448 3448 2534 3496 ecc
2572 3447 2709 3518 quo

565 3526 663 3596 nil
700 3525 915 3619 plane
967 3524 1202 3597 discas
1252 3527 1440 3599 novi·
1557 3525 1791 3618 Neque
1853 3523 2030 3597 haec
2094 3524 2319 3597 lucem
2348 3525 2710 3619 viderunt,

561 3624 690 3697 sed
735 3626 1094 3718 incoqnita
1135 3625 1350 3720 plane
1400 3625 1759 3698 iaciebant
1794 3624 1930 3697 sub
1986 3648 2241 3697 acervo
2277 3628 2710 3717 vetustarum

563 3724 980 3797 chartarum
1031 3726 1102 3793 in
1151 3725 1440 3799 archivo
1499 3722 2016 3799 Oeconomatus
2071 3726 2539 3816 TaurinensiS,
2574 3724 2712 3795 ubi

563 3824 1081 3898 Novaliciensia
1131 3848 1478 3917 quaerens
1495 3884 1515 3920 ,
1578 3830 1651 3899 in
1710 3829 1852 3899 ista
1900 3826 2131 3900 incidi.
2233 3826 2505 3899 Nomen
2547 3846 2707 3900 non

555 3926 1014 4021 praefiqitur,
1083 3923 1210 3995 sed
1256 3924 1434 4019 Euq.
1505 3926 1591 3997 de
1642 3927 1860 3999 Lewis
1928 3950 2116 4020 esse,
2180 3926 2280 3995 Ill.
2349 3924 2707 3995 Gazzerae

563 4032 672 4101 est
739 4026 1177 4119 coniectura,
1247 4048 1464 4120 quam
1533 4028 1930 4120 scripturae
1998 4023 2302 4096 eiusdem
2362 4025 2709 4117 specimen

555 4132 808 4225 postea
859 4128 1316 4215 confirmavit.
1344 4172 1442 4185 -—
1507 4126 1831 4201 Codicem
1882 4122 2406 4218 autoqraphum
2440 4126 2710 4220 primus
