3034 4900
577 367 674 443 14
1019 366 1571 444 CHRONICON
1626 369 2339 450 NOVALICIENSE.

431 633 437 642 ,
571 575 762 648 rum,
815 549 1130 647 qualiter
1169 550 1263 624 ad
1303 561 1585 625 rectam
1636 552 2114 651 penitentiam
2167 558 2557 656 pervenire
2602 583 2755 634 me-

569 663 876 726 reretur.
1006 650 1148 740 Qui
1215 676 1381 726 cum
1449 653 1523 724 in
1592 657 2080 754 monasterio,
2166 659 2292 730 ubi
2356 659 2758 734 districtior

569 776 832 827 norma
911 747 1404 825 custodiretur
1487 777 2007 852 monacorum,
2102 760 2403 857 explere
2486 761 2755 836 melius

437 856 444 864 ’
570 854 816 927 animo
897 852 1423 947 deliberasset,
1527 855 1871 928 continuo
1952 857 2295 931 baculum
2378 861 2753 958 queritans

567 955 1084 1054 perpulcram,
1159 952 1230 1024 in
1297 953 1502 1026 cuius
1568 953 1997 1030 summitate
2065 959 2403 1056 plurimis
2480 961 2751 1058 configi

565 1053 900 1156 precepit
951 1053 1229 1149 anuliS,
1301 1053 1422 1150 qui
1492 1076 1628 1151 per
1692 1054 2004 1150 singulis
2056 1058 2388 1156 ipsorum
2439 1083 2753 1134 anorum

565 1156 877 1252 singulis
929 1152 1438 1227 tintinnabulis
1491 1155 1807 1251 appendi
1858 1157 2070 1252 fecit,
2123 1183 2571 1257 sumensque
2620 1161 2749 1232 ha-

563 1257 800 1330 bitum
850 1254 1264 1354 peregrini,
1337 1264 1557 1348 atque
1612 1277 1779 1326 cum
1831 1254 1995 1350 ipso
2046 1279 2237 1354 pene
2290 1269 2527 1333 totum
2578 1284 2748 1358 per-

567 1381 837 1454 agrans
906 1351 1302 1446 mundum,
1398 1363 1480 1424 ut
1548 1353 1965 1449 exploraret
2040 1377 2209 1428 cum
2273 1359 2435 1455 ipso
2507 1360 2749 1434 studia

562 1457 712 1530 vite
773 1475 1253 1526 monacorum
1321 1464 1541 1549 atque
1594 1453 1933 1548 regulam
1985 1453 2356 1553 ipsorum,
2424 1458 2519 1528 ad
2568 1485 2747 1555 quo-

563 1577 1042 1650 rumcumque
1081 1553 1547 1650 pervenisset
1578 1552 2046 1626 monasteria.
2153 1557 2499 1655 Tuncque
2539 1557 2746 1632 illam

565 1682 786 1758 quam
865 1656 1042 1727 olim
1107 1656 1354 1727 ferunt
1418 1653 2098 1749 peregrinacionem
2156 1656 2543 1750 hahuisse,
2612 1681 2743 1754 age-

563 1780 868 1856 gressus
923 1765 1054 1828 est.
1158 1752 1298 1841 Qui
1351 1775 1519 1825 cum
1560 1752 1633 1824 in
1680 1754 2193 1853 qualicumque
2231 1757 2745 1852 ingrederetur

558 1855 1090 1932 monasterium
1154 1865 1492 1951 tempore
1544 1877 1687 1950 quo
1741 1853 1883 1953 ipsi
1930 1857 2273 1930 monachi
2340 1858 2434 1931 ad
2486 1858 2743 1934 laudes

558 1959 714 2032 Deo
785 1953 1201 2029 reddendas
1268 1952 1641 2026 intrabant
1689 1999 1789 2014 —-
1840 1955 1983 2028 hoc
2044 1957 2241 2028 enim
2304 1957 2467 2054 ipse
2524 1959 2743 2032 valde

559 2055 1035 2151 observabat,
1107 2095 1198 2108 --
1279 2051 1751 2150 percuciebat
1822 2054 2185 2150 siquidem
2262 2055 2375 2130 bis
2444 2059 2565 2130 vel
2629 2071 2745 2133 ter

560 2183 728 2234 cum
781 2157 940 2256 ipso
993 2154 1255 2228 baculo
1307 2153 1816 2252 pavimentum
1868 2156 2263 2252 ecclesiae,
2332 2167 2415 2230 ut
2474 2158 2571 2230 ad
2624 2183 2743 2232 so-

557 2263 794 2335 nitum
844 2256 1176 2356 ipsorum
1231 2252 1882 2329 tintinnabulorum
1944 2255 2398 2331 discerneret
2444 2251 2745 2332 illorum

558 2359 1042 2459 disciplinam.
1145 2356 1320 2428 Erat
1371 2356 1569 2427 enim
1620 2357 1694 2426 in
1750 2380 1839 2428 eo
1890 2359 2213 2431 maxima
2256 2357 2619 2432 calliditas
2672 2369 2745 2432 et

557 2460 880 2537 sollertis
933 2455 1363 2553 exploratio,
1417 2466 1498 2527 ut
1554 2456 1663 2525 sic
1702 2459 2235 2528 monachorum
2280 2458 2745 2555 disciplinam

556 2566 1018 2659 agnosceret.
1139 2554 1282 2643 Qui
1335 2578 1541 2649 cum,
1595 2562 1679 2625 ut
1728 2576 1954 2651 supra
2005 2554 2431 2649 retulimus,
2504 2580 2738 2655 prope

555 2674 794 2738 totum
839 2664 1320 2757 peragrasset
1367 2678 1746 2749 cosmum,
1798 2652 2002 2725 venit
2050 2654 2301 2751 utique
2356 2654 2451 2727 ad
2500 2656 2743 2729 Nova-

554 2758 937 2837 liciensem
1003 2767 1180 2828 tunc
1229 2754 1304 2826 in
1356 2753 1602 2827 studio
1677 2751 2084 2827 sanctitatis
2153 2755 2742 2831 famosissimum

555 2855 1113 2937 monasterium.
1222 2851 1360 2927 Ubi
1413 2876 1581 2925 cum
1632 2853 2016 2948 ingressus
2068 2867 2271 2930 esset
2322 2856 2739 2955 ecclesiam,

553 2957 920 3062 percussit
983 2975 1193 3027 more
1258 2952 1476 3025 solito
1542 2953 1898 3026 ecclesiae
1964 2955 2226 3028 solum.
2350 2956 2462 3028 Ad
2519 2960 2740 3055 quem

553 3060 878 3137 sonitum
932 3054 1230 3151 quidam
1283 3076 1373 3125 ex
1423 3052 1674 3151 pueris
1728 3064 2141 3127 retrorsum
2193 3054 2593 3153 aspiciens,
2656 3067 2740 3132 ut

551 3160 840 3234 videret
890 3154 1062 3253 quid
1114 3153 1256 3225 hoc
1305 3164 1545 3249 esset,
1614 3152 1952 3252 protinus
2000 3155 2359 3253 magister
2408 3158 2611 3231 scole
2663 3158 2737 3230 in

555 3253 1195 3356 eumprosiliens,
1252 3254 1466 3351 alapa
1515 3254 1884 3350 percussit
1932 3278 2247 3353 puerum
2284 3256 2736 3355 alumpnum.

552 3359 694 3443 Ubi
760 3378 940 3453 ergo
1009 3353 1412 3427 Waltarius
1477 3354 1654 3427 talia
1712 3354 1933 3449 vidit,
2012 3355 2379 3452 ingemuit
2432 3358 2607 3427 ilico
2662 3366 2738 3428 et

553 3461 694 3539 ait:
749 3459 861 3535 En
914 3479 1084 3552 erqo
1133 3453 1269 3549 hic,
1323 3452 1520 3549 quod
1566 3453 1805 3525 multis
1838 3453 2085 3527 diebus
2126 3455 2475 3528 nonnulla
2507 3460 2738 3527 terra-

555 3582 718 3640 rum
779 3558 1038 3653 spacia
1100 3554 1537 3651 quaerum·
1594 3554 1953 3648 repperire
2023 3554 2207 3627 talia
2278 3552 2515 3627 adhuc
2592 3576 2737 3627 non

549 3659 763 3746 valui.
867 3657 1134 3727 Exiens
1198 3654 1424 3750 igitur
1489 3652 1741 3727 statim
1794 3653 1886 3725 ab
1942 3654 2295 3751 ecclesia,
2360 3653 2739 3728 mandavit

551 3757 919 3858 siquidem
952 3752 1225 3847 abbati,
1271 3765 1354 3825 ut
1396 3754 1651 3827 sec‘um
1684 3754 2133 3854 colloquium
2164 3754 2439 3829 habere
2478 3753 2735 3847 digna-

547 3871 774 3933 retur.
889 3850 1021 3929 Cui
1091 3874 1261 3925 cum
1323 3875 1536 3923 suam
1588 3854 2037 3930 insinuasset
2092 3856 2586 3948 voluntatem,
2657 3851 2735 3925 in

547 3958 912 4065 proximo„
941 3951 1621 4027 habitumsumens
1657 3977 2161 4050 monacorum,
2214 3951 2532 4026 efficitur
2566 3976 2734 4051 pro-

547 4059 748 4136 tinus
799 4056 1038 4131 cultor
1090 4052 1232 4126 orti
1285 4063 1552 4150 sponte
1607 4064 1681 4127 et
1732 4052 2146 4128 voluntarie
2198 4051 2431 4150 ipsius
2480 4076 2733 4125 mona-

550 4157 776 4239 sterii.
879 4156 1046 4257 Ipse
1097 4176 1278 4229 vero
1330 4152 1701 4254 accipiens
1752 4154 1937 4228 duas
1978 4150 2457 4248 longissimas
2493 4154 2733 4249 funeS,
