3034 4900
983 350 1272 426 Linea
1324 321 1790 443 QUARTUS,
2383 353 2485 428 59

299 537 684 612 nissimam
750 537 1064 608 famam.
1101 556 1396 634 eorum,
1475 538 1597 634 qui
1669 547 1841 610 tunc
1892 546 2190 610 sanctae
2242 537 2489 610 Nova-

301 637 587 712 liciensi
623 649 920 737 preerat
961 637 1392 734 aecclesiae,
1446 639 1665 712 nimis
1720 636 2029 734 pavidus
2076 638 2173 710 de
2226 659 2486 709 eorum

307 750 509 812 metu
543 740 808 833 factm,
864 737 1294 812 Taurinensi
1348 737 1639 811 civitate
1694 739 1953 834 fugere
1982 738 2183 810 malo
2236 759 2371 810 suo
2415 747 2491 808 et

299 848 556 917 nostro
611 839 892 911 curavit
945 860 1115 910 cuin
1168 836 1340 910 suis.
1460 839 1639 910 Erat
1704 850 1953 911 autem
2005 835 2363 910 aecclesia
2412 836 2487 907 in

297 940 586 1038 prefata
642 939 936 1012 civitate
989 938 1399 1010 inhonore
1453 938 1685 1010 sancti
1741 937 2078 1012 Andreae
2132 947 2209 1010 et
2256 935 2489 1010 sancti

301 1039 708 1114 Clementis
748 1037 1110 1128 dedicata,
1153 1034 1278 1107 ubi
1316 1036 1537 1109 hodie
1573 1036 1835 1110 dicitur
1864 1037 2220 1111 Sanctum
2255 1037 2488 1111 Bene-

303 1139 626 1235 dictum,
681 1136 961 1210 seilicet
1013 1135 1106 1208 ad
1155 1147 1450 1232 portam
1503 1136 1971 1234 Sigusinam,
2018 1161 2214 1235 ‚quae
2268 1139 2491 1232 longe

301 1249 478 1310 ante
548 1237 930 1336 pertinens
983 1237 1228 1309 fuerat
1277 1236 1370 1308 de
1421 1237 1582 1333 ipsa
1636 1238 2127 1332 Novaliciensi
2182 1236 2490 1310 abbatia.

303 1337 414 1411 lbi
464 1338 842 1435 praefatus
897 1335 1124 1409 abbas
1189 1357 1364 1407 mox
1429 1347 1513 1409 ut
1581 1338 1823 1433 venit,
1890 1357 2059 1411 cum
2112 1338 2265 1410 suis
2320 1357 2491 1409 con-

303 1438 518 1511 sedit.
647 1437 913 1510 Fateor
995 1437 1069 1508 in
1133 1435 1488 1533 veritate,
1570 1437 1839 1512 melius
1906 1436 2012 1510 illi
2083 1439 2347 1511 fuisset
2415 1444 2491 1510 et

303 1536 648 1610 omnibus
698 1535 1124 1632 monachis,
1202 1548 1284 1611 ut
1334 1538 1579 1611 valide
1630 1537 1704 1610 in
1757 1538 1923 1612 loco
1976 1538 2493 1632 consisterent,

301 1647 380 1710 et
447 1638 640 1710 colla
711 1657 846 1711 sua
915 1640 1114 1711 ferro
1170 1658 1304 1734 pro
1357 1637 1492 1709 Dei
1546 1657 1799 1710 amore
1855 1637 2289 1712 submittere
2344 1661 2492 1709 non
2542 1691 2547 1694 -

301 1737 816 1831 formidarent,
867 1747 952 1808 ut
999 1759 1136 1834 per
1176 1747 1602 1833 presentem
1647 1750 1967 1811 mortem
2010 1761 2231 1810 omne
2282 1737 2493 1812 terri·

305 1837 584 1908 torium
617 1835 954 1909 abbatiae
985 1859 1154 1908 cum
1188 1848 1446 1909 cuncta
1479 1838 1920 1934 supellectili
1952 1837 2197 1908 locum
2244 1847 2494 1909 conta·

303 1934 668 2010 minatum
699 1948 1310 2034 reservatumque
1354 1937 1571 2032 foret,
1627 1959 1849 2034 quam
1898 1935 2005 2009 sic
2056 1933 2385 2009 evasisse
2422 1946 2500 2008 et

307 2035 556 2108 omnia
592 2029 1026 2133 perdidisse.
1102 2037 1266 2109 Heu
1306 2037 1488 2110 heu!
1542 2047 1717 2109 tunc
1753 2037 1998 2110 amisit
2033 2035 2498 2110 sanctissima

304 2145 546 2210 mater
608 2146 862 2212 nostra
913 2137 1444 2210 Novaliciensis
1513 2137 1828 2210 ecclesia
1898 2161 2198 2210 ornnem
2264 2137 2495 2209 hono-

305 2260 469 2309 rem
513 2259 759 2331 suum.,
811 2236 1114 2333 insuper
1170 2249 1244 2310 et
1296 2236 1759 2308 dominatum
1812 2255 2114 2308 suarum
2165 2235 2497 2309 omnium

307 2335 836 2407 aecclesiarum
891 2391 906 2407 .
963 2391 979 2406 .
1035 2391 1049 2406 .
1104 2333 1152 2428 .]

461 2434 610 2535 [26.
665 2434 779 2509 Ob
846 2433 1403 2509 inundationem
1459 2434 2034 2510 Sarracenorum
2090 2458 2181 2508 ex
2231 2435 2497 2509 Fraxe-

307 2536 521 2632 θεῖος
594 2534 714 2635 qui
787 2536 860 2608 in
923 2548 1179 2609 monte
1251 2535 1456 2609 silvis
1512 2535 1992 2635 permaximis
2046 2536 2497 2609 circumdato

307 2634 936 2708 inextricabilibus
1003 2635 1504 2709 subterraneis
1558 2636 1913 2709 cuniculis
1965 2634 2498 2733 inhabitabant,

311 2736 696 2810 devastata
746 2733 1127 2808 Provincia
1169 2735 1605 2851 Arelatensi3
1658 2734 2107 2831 Burgundia7
2164 2733 2498 2832 Cimella‚

307 2845 541 2908 totam
593 2858 884 2933 quoque
939 2836 1254 2909 Galliam
1300 2835 1783 2935 Subalpmam
1836 2835 2197 2932 sanguine
2266 2846 2341 2909 et
2392 2837 2500 2907 in-

311 2935 572 3009 cendio
628 2935 1225 3034 submerserunt,
1296 2936 1723 3033 effugerunt
1785 2936 2129 3009 monachi
2198 2960 2288 3010 ex
2354 2934 2499 3009 No·

307 3034 686 3111 valiciensi
755 3035 1254 3133 monasterio,
1329 3048 1405 3111 et
1465 3038 1910 3137 pretiosiora
1971 3060 2258 3135 queque
2312 3038 2501 3111 Tau·

307 3136 554 3208 rinum
621 3148 1190 3236 asportaverunt
1263 3137 1338 3211 in
1403 3140 1768 3239 templum
1835 3140 2069 3212 sancti
2106 3138 2501 3210 ‘'Andreae.

309 3235 400 3308 Et
450 3236 644 3307 inter
705 3249 955 3310 cetera
1017 3237 1245 3310 delati
1313 3248 1484 3311 sunt
1535 3239 1703 3309 libri
1754 3262 1885 3309 sex
1938 3234 2196 3328 mille.]
2250 3259 2257 3266 ·

455 3333 580 3407 26.
657 3335 1221 3413 Discedentibus
1317 3336 1630 3433 denique
1710 3334 2093 3407 monachis
2179 3333 2269 3407 ab
2338 3335 2499 3433 ipso

314 3432 710 3530 coenobi0‚
775 3438 1028 3508 statim
1081 3434 1452 3509 dirissima
1503 3460 1690 3533 gens
1746 3438 2327 3519 Sarracenorum
2382 3459 2501 3507 oc-

312 3554 675 3633 cupavere
728 3531 998 3607 locum.
1121 3536 1263 3624 Qui
1325 3535 1493 3609 ilico
1566 3534 2103 3635 depraedantes
2158 3530 2501 3607 universa

317 3651 507 3730 quae
589 3634 921 3709 invenire
1007 3648 1391 3735 poterant⁷
1487 3645 2151 3709 concremaverunt
2240 3656 2503 3709 omnes

313 3734 712 3808 aecclesias
780 3758 866 3806 ac
929 3736 1190 3809 domos
1259 3735 1667 3808 universas.
1780 3736 2230 3809 Invenerunt
2283 3734 2502 3832 siqui·

315 3834 487 3907 dem
556 3832 658 3906 ibi
712 3834 899 3907 duos
952 3857 1172 3909 senes
1221 3836 1665 3931 monachos,
1737 3836 1857 3933 qui
1912 3836 2061 3910 illic
2114 3836 2208 3907 ob
2262 3846 2501 3908 custo·

317 3933 511 4008 diam
555 3934 1038 4009 ecclesiarum
1074 3936 1613 4035 domorumque
1648 3936 1882 4010 relicti
1928 3935 2261 4028 fuerant3
2318 3958 2504 4031 quos

317 4032 789 4133 arripientes,
846 4036 938 4229 qd
989 4058 1247 4109 necem
1300 4060 1535 4135 usque
1588 4038 2063 4112 vulnerantes
2108 4036 2505 4136 vapulave-
2586 4069 2595 4080 ·

317 4144 490 4204 runt
540 4189 847 4213 .....
