3034 4900
535 324 639 402 38
739 442 741 445 Ι
961 322 1519 402 -cHRONICON
1572 325 2283 404 NovALlclsts.
2370 429 2377 434 ι

537 506 746 582 ducis
815 506 1152 581 eiusdem
1203 511 1714 607 prenominate
1783 509 2047 607 gentis.
2161 509 2298 583 Hic
2348 531 2567 606 vero,
2641 519 2724 581 ut

538 607 870 679 nonnulli
922 607 1257 704 tradunt,
1329 610 1605 682 lineam
1658 609 2313 706 consanguinitatis
2384 607 2475 682 ab
2544 609 2723 708 ipsivs

539 706 840 802 regibus
875 705 1322 780 Francorum
1370 709 1630 807 priscis
1680 709 1992 783 traxisse
2034 707 2535 808 temporibus;
2588 707 2727 780 fuit

537 808 758 900 etiam
812 805 1022 880 dives
1073 807 1146 879 in
1201 808 1466 905 opibus
1515 811 1655 882 hac
1705 819 2070 882 terrarum
2123 811 2355 883 fultus
2406 807 2722 880 ruribus.

537 905 672 980 His
724 930 1014 1003 quoque
1047 906 1308 980 diebus
1351 908 1845 1008 Liutprandus
1896 933 2026 981 rex
2060 908 2725 1005 Langobardorum

539 1005 733 1104 apud
786 1004 1074 1078 ltaliam
1127 1016 1428 1080 strenue
1478 1010 1877 1106 regnabat,
1926 1007 2047 1106 qui
2100 1018 2353 1082 tantae
2402 1007 2723 1104 longitu-

541 1105 731 1179 dinis
785 1106 1018 1179 fertur
1067 1106 1298 1204 pedes
1353 1109 1742 1206 habuisse⁷
1810 1121 1892 1182 ut
1942 1108 2036 1181 ad
2090 1107 2417 1184 cubitum
2466 1109 2725 1180 huma-

539 1229 719 1278 num
771 1205 1224 1280 metirentur.
1301 1209 1583 1282 Horum
1625 1232 1805 1282 vero
1859 1207 2137 1306 pedum
2184 1231 2535 1282 mensura
2589 1229 2724 1305 pro

542 1306 1072 1379 consuetudine
1125 1305 1318 1380 inter
1369 1305 1895 1402 Langobardos
1948 1316 2242 1380 tenetur
2292 1305 2370 1378 in
2416 1306 2724 1378 metien-

542 1403 656 1476 dis
729 1405 922 1478 arvis
975 1429 1209 1502 usque
1260 1404 1336 1478 in
1388 1418 1815 1506 presentem
1870 1404 2109 1500 diem,
2182 1406 2284 1477 ita
2352 1416 2433 1479 ut
2498 1405 2731 1503 pedes

544 1503 703 1602 eius
773 1504 847 1578 in
921 1505 1202 1603 pertica
1265 1507 1390 1578 vel
1451 1509 1628 1580 fune
1700 1505 1835 1601 12,
1904 1504 2036 1578 fiat
2104 1503 2452 1577 tabulam.
2555 1504 2732 1577 Erat

543 1603 747 1678 enim
798 1605 962 1702 pius
1016 1605 1089 1677 in
1144 1605 1443 1703 pupillis
1497 1619 1573 1680 et
1625 1605 1891 1701 viduis,
1941 1603 2365 1678 misericors
2414 1603 2490 1678 in
2544 1602 2729 1674 iudi-

545 1701 712 1799 ciis,
769 1703 1023 1799 largus
1072 1705 1146 1777 in
1202 1705 1674 1780 aelemosinis
1730 1727 2173 1804 pauperum,
2227 1701 2603 1776 beneficus
2656 1713 2733 1775 et-

543 1815 790 1876 rector
863 1802 998 1876 Dei
1077 1805 1576 1879 ecclesiarum.
1704 1805 1936 1879 Huius
2018 1827 2201 1898 ergo
2270 1801 2733 1902 temporibus

543 1902 739 2000 apud
779 1903 1219 1977 Forovicum
1272 1915 1432 1978 erat
1483 1916 1783 1998 sanctus
1823 1904 2293 1998 Baodelinus.,
2349 1914 2423 1976 et
2461 1903 2536 1973 in
2580 1901 2731 1998 epi-

439 2023 454 2033 ·
544 2002 797 2099 scopio
849 2003 1186 2077 Astensis
1251 2016 1549 2078 sanctus
1618 2016 1912 2103 preerat
1961 2001 2271 2076 Evasius
2319 2001 2728 2098 episcopus.

540 2098 658 2172 Ad
709 2100 908 2173 hunc
953 2124 1132 2174 vero
1186 2103 1599 2200 predictum
1650 2127 1910 2200 regem
1950 2103 2247 2200 Pipinus
2292 2124 2509 2174 suum
2563 2123 2732 2197 par-

543 2198 803 2270 vulum
853 2198 1090 2273 filium
1145 2203 1442 2276 nomine
1495 2204 1854 2276 Karolum
1905 2200 2211 2292 direxit,
2278 2211 2358 2274 ut
2407 2198 2480 2272 ei
2531 2198 2733 2270 iuxta

545 2321 756 2371 more
809 2323 899 2373 ex
951 2301 1234 2399 capillis
1291 2303 1709 2376 totonderet
1758 2315 1835 2376 et
1884 2301 2099 2374 fieret
2150 2301 2215 2373 ei
2271 2311 2485 2398 pater
2520 2297 2732 2397 spiri-

543 2398 790 2472 tualis,
895 2399 1111 2489 Quod
1163 2413 1238 2475 et
1287 2402 1498 2494 fecit3
1568 2424 1743 2473 nam
1793 2400 2083 2472 remisit
2132 2423 2307 2473 eum
2357 2397 2547 2497 patri
2600 2420 2732 2473 suo

545 2500 800 2572 multis
851 2500 1255 2574 honoratus
1306 2498 1755 2573 muneribus.
1877 2499 2209 2593 Cumque
2276 2498 2573 2592 Pipinus
2644 2520 2738 2568 ex

545 2596 692 2671 hoc
740 2599 1018 2671 mundo
1067 2600 1507 2696 migrasset,
1560 2607 1921 2695 regnante
1971 2596 2244 2670 Karolo
2298 2595 2493 2669 filius
2548 2594 2733 2689 eius,

548 2698 937 2771 Sarraceni
1000 2724 1225 2796 super
1294 2692 1451 2773 eius
1507 2722 1761 2772 arvam
1830 2697 2193 2771 irruentes
2248 2694 2734 2769 devastabant

549 2805 828 2867 cuncta.
904 2796 1044 2883 Qui
1077 2798 1396 2872 Karolus
1447 2798 1701 2873 statim
1727 2820 1889 2965 (per
1938 2797 2229 2891 legatos
2282 2794 2733 2894 Liutprando

548 2892 938 2989 mandam,
997 2905 1075 2967 ut
1127 2918 1295 2968 cum
1333 2895 1723 2992 Langobar
1778 2896 1839 2967 is
1872 2897 2189 2969 Galliam
2226 2895 2364 2967 sibi
2415 2897 2489 2967 in
2531 2894 2733 2965 adiu-

545 2992 822 3065 torium
874 2991 1182 3069 veniret.
1273 2996 1462 3068 Nam
1515 2994 1879 3068 coniuncti
1929 2994 2185 3066 Franci
2226 3017 2395 3065 cum
2446 2992 2735 3087 Lango-

550 3089 800 3165 bardis
868 3102 945 3163 et
1010 3116 1179 3165 cum
1247 3092 2129 3193 excomprovincialibus‚
2195 3091 2577 3189 Sarraceni
2643 3092 2735 3164 ab

547 3190 710 3288 ipsa
761 3202 961 3265 terra
1011 3190 1508 3288 ignominiose
1560 3194 1958 3268 eiecerunt.
2064 3192 2228 3265 Non
2280 3192 2515 3263 multo
2556 3214 2734 3287 ergo

548 3302 720 3389 post
771 3303 1108 3392 tempore
1163 3292 1535 3391 gloriosus
1566 3318 1718 3397 'rex
1752 3290 2251 3391 Liutprandus
2284 3290 2735 3387 defungitur,

551 3402 630 3465 et
677 3388 753 3463 in
805 3392 972 3466 loco
1015 3394 1174 3467 eius
1217 3393 1647 3470 Desiderius
1687 3418 1817 3469 rex
1870 3392 2254 3466 exaltatur.
2331 3391 2523 3463 Huic
2556 3414 2735 3487 ergo

553 3490 693 3562 fuit
755 3514 942 3565 uxor
1009 3494 1308 3566 nomine
1373 3495 1599 3568 Anza.
1716 3494 1911 3589 Ergo
1967 3492 2059 3565 de
2110 3491 2227 3565 his
2279 3489 2493 3565 nobis
2547 3491 2739 3563 dicta

555 3587 964 3685 sufficiant3
1017 3593 1386 3667 succincte
1439 3595 1533 3667 ad
1586 3592 1971 3666 historiam
2022 3591 2442 3665 redeamus.

708 3687 776 3759 2.
829 3688 1508 3791 Habuit‘siquidem
1558 3692 1759 3765 idem
1810 3692 2367 3791 prenominatus
2404 3690 2515 3763 vir
2547 3687 2738 3757 inter

557 3797 890 3859 caeteros
939 3787 1133 3863 filios
1164 3817 1394 3864 unum
1420 3793 1717 3866 nomine
1743 3790 2235 3888 Frodoinum,·
2269 3788 2390 3884 qui
2422 3808 2737 3879 magnae

553 3885 1008 3961 auctoritatis
1075 3899 1152 3963 et
1221 3890 1454 3965 mirae
1515 3893 1919 3968 sanctitatis
1986 3891 2178 3989 apud
2230 3884 2739 3961 Novaliciense

557 3985 827 4085 oppido
892 3985 1162 4082 legitur
1229 3990 1456 4065 fuisse
1510 4002 1741 4090 pater.
1868 3990 2243 4087 Siquidem
2302 4006 2473 4057 cum
2538 3994 2743 4059 esset

555 4088 910 4187 parvulus
953 4090 1334 4189 puerulus,
1383 4090 1689 4167 tradidit
1720 4114 1893 4168 eum
1929 4082 2499 4164 iamnominatus
2530 4096 2741 4184 pater
