3034 4900
479 253 578 326 40
917 199 1471 327 canomcoN
1526 251 2234 329 NOVAuclENss.

477 435 551 505 in
617 434 780 506 loco
848 435 977 508 tali
1048 435 1574 534 consuetudine
1640 436 1959 534 antiquis
2010 433 2513 534 temporibus,
2582 449 2668 510 ut

477 557 621 606 non
701 533 963 630 aliquis
1036 534 1133 606 ibi
1201 535 1274 606 in
1344 546 1722 634 pastorem
1786 535 2227 630 eligeretur,
2310 534 2662 610 defuncto

475 643 727 731 patre,
802 632 1036 706 donec
1089 634 1327 707 cuncti
1377 636 1649 708 fratres
1702 634 2071 708 communi
2124 634 2428 707 consilio
2482 659 2664 708 una-

477 733 862 830 nimesque
907 734 1303 807 Dominum
1355 758 1490 832 per
1524 735 1863 808 biduanis
1901 747 1976 808 et
2027 734 2385 808 triduanis
2438 735 2665 809 absti-

479 831 773 906 nentiae
843 831 962 905 die
1029 844 1395 931 noctuque
1449 835 1969 934 supplicarent.
2073 831 2341 930 Sicque
2409 858 2454 906 a
2504 835 2665 908 Deo

480 944 650 1030 post
701 933 891 1004 hanc
941 930 1480 1030 flagitationem
1536 937 1741 1032 digni
1794 936 1885 1008 ad
1939 934 2272 1008 laborem
2308 936 2505 1007 hunc
2555 933 2667 1006 in-

477 1031 1002 1129 veniebantur3
1055 1046 1129 1108 et
1169 1035 1335 1108 ideo
1379 1036 1549 1133 quia
1575 1037 1709 1108 Dei
1756 1059 1924 1108 cum
1975 1037 2358 1108 voluntate
2408 1033 2659 1131 fiebat,

476 1156 775 1230 semper
819 1133 1011 1206 bono
1049 1136 1313 1208 melior
1355 1136 1969 1234 subsequebatur.
2047 1135 2249 1207 Haec
2284 1157 2463 1206 vero
2508 1157 2663 1206 non

478 1233 628 1305 vidi
681 1257 920 1331 neque
973 1235 1047 1307 in
1117 1235 1431 1308 lectione
1497 1235 1741 1332 aliqua
1810 1235 2142 1333 repperi,
2211 1234 2343 1307 sed
2411 1233 2663 1306 auditu

479 1332 720 1403 didici.

626 1431 691 1502 5.
745 1431 919 1503 Erat
970 1443 1311 1529 preterea
1363 1431 1436 1503 in
1489 1431 1710 1504 beato
1744 1432 2107 1505 Frodoino
2152 1431 2421 1505 abbate
2466 1443 2665 1507 tanta

473 1528 854 1624 vigilantia
909 1542 982 1603 et
1033 1531 1278 1604 studia
1331 1531 1767 1628 sanctitatis,
1823 1542 1907 1604 ut
1942 1532 2317 1605 neminem
2366 1533 2445 1606 ‘in
2482 1533 2668 1605 haec

475 1653 650 1701 arva
704 1628 1052 1702 abbatum
1103 1633 1224 1702 vel
1280 1632 1801 1729 episcoporum
1854 1645 1978 1703 aut
2030 1633 2352 1726 aliquem
2383 1633 2458 1704 in
2512 1642 2663 1705 stu-

477 1727 598 1802 dio
683 1727 1092 1800 sanctitatis
1182 1727 1580 1824 degentem
1651 1729 1831 1802 eius·
1874 1728 2159 1802 meritis
2236 1743 2309 1802 et
2390 1731 2667 1802 virtute

478 1826 891 1926 comparari
963 1827 1296 1899 audeam.
1429 1829 1718 1927 Quippe
1785 1853 1953 1901 cum
2008 1853 2226 1900 nemo
2280 1829 2669 1900 hominum

479 1928 638 2000 eius
682 1927 1119 2025 prudentiae
1175 1927 1292 1998 vel
1345 1929 1809 2000 sanctitatem
1863 1925 2289 1998 nullomodo
2344 1927 2668 2020 pleniter

476 2027 715 2124 possit
766 2026 1182 2120 ennarrari,
1254 2049 1422 2097 cum
1475 2025 1548 2095 in
1600 2024 1824 2095 finem
1879 2023 2093 2095 huius
2146 2024 2479 2119 opusculi
2546 2025 2664 2097 sui

476 2127 747 2198 mirum
803 2126 895 2199 de
949 2152 1037 2201 eo
1081 2123 1454 2223 quippiam
1493 2135 1568 2198 et
1603 2121 2029 2196 incredibile
2082 2121 2393 2196 forsitan
2431 2121 2663 2197 dictu-

475 2250 603 2300 rus
659 2251 845 2300 sum.
2504 2289 2511 2296 .

627 2328 693 2400 6.
749 2327 853 2400 Eo
907 2326 1131 2422 igitur
1181 2338 1548 2424 tempore,
1602 2349 1745 2423 quo
1800 2326 1998 2397 fama
2049 2322 2261 2398 istius
2314 2323 2450 2396 viri
2500 2347 2667 2397 san-

479 2426 787 2499 ctissimi
856 2450 990 2524 per
1057 2425 1312 2498 mundi
1365 2437 1615 2525 partes
1668 2425 1949 2499 micans
2003 2424 2458 2520 refulgebat,
2522 2424 2665 2496 Do-

477 2527 722 2599 minus
761 2524 1232 2624 omnipotens
1277 2552 1410 2627 per
1453 2528 1816 2603 visionem
1852 2527 2123 2600 Karolo
2166 2525 2323 2620 regi
2351 2524 2664 2597 Franco-

478 2651 646 2699 rum
700 2627 1093 2701 ostendere
1147 2628 1489 2723 dignatus
1545 2640 1685 2725 est,
1738 2640 1818 2702 ut
1870 2626 1964 2698 ad
2014 2626 2301 2699 Italiam
2360 2633 2666 2722 quanto-

479 2726 635 2798 cius
711 2736 1150 2822 properaret
1220 2750 1399 2800 suae
1479 2727 1745 2800 dicioni
1823 2725 2380 2820 subiugandam.
2526 2721 2671 2813 Qui

476 2821 813 2920 protinus
857 2847 1270 2895 convocans
1321 2825 1600 2895 vicinas
1653 2837 1952 2916 genteS,
2021 2824 2195 2895 fecit
2264 2823 2671 2894 exercitum

480 2920 865 3019 copiosum
918 2945 1087 2993 cum
1139 2944 1359 2993 manu
1412 2920 1659 2991 valida
1704 2922 2177 3010 Francorum,
2232 2919 2325 2987 ad
2376 2918 2669 2988 Italiam

480 3020 845 3117 disposuit
897 3018 1064 3091 ilico
1119 3043 1285 3091 cum
1341 3019 1492 3092 suis
1545 3040 1864 3114 propere
1914 3012 2186 3085 venire.

629 3120 698 3193 7.
753 3120 1062 3192 Movens
1113 3117 1394 3190 interea
1436 3117 1635 3188 idem
1674 3138 1803 3186 rex
1841 3112 2220 3207 ingentem
2263 3109 2665 3183 exercitum

481 3245 737 3317 suum,
802 3216 1285 3317 pervenitque
1336 3216 1409 3288 in
1462 3225 1794 3289 montem
1842 3210 2281 3307 Geminum,
2352 3212 2509 3283 sive
2562 3211 2665 3283 ia-

481 3345 704 3392 nuam
771 3317 979 3413 regni
1048 3314 1302 3388 Italiae
1356 3315 1491 3387 dici
1598 3324 1828 3410 otest,
1904 3312 1976 3384 in
2043 3335 2187 3409 quo
2250 3311 2427 3383 olim
2477 3321 2665 3383 tem-

478 3420 686 3515 plum
739 3416 830 3488 ad
887 3415 1248 3487 honorem
1307 3341 1689 3486 cuiusdam
1743 3414 1934 3487 Caco
1990 3411 2167 3507 deo,
2222 3408 2502 3484 scilicet
2555 3409 2669 3483 Io-

481 3518 632 3610 viS,
722 3539 812 3585 ex
876 3513 1174 3612 quadris
1239 3512 1608 3613 lapidibus
1677 3511 1982 3610 plumbo
2050 3521 2126 3583 et
2186 3511 2386 3583 ferro
2451 3510 2669 3583 valde

483 3615 870 3709 connexis,
941 3615 1172 3689 mirae
1226 3612 1825 3715 pulchritudiniS,
1896 3611 2267 3710 quondam
2339 3621 2667 3683 constru-

483 3726 683 3788 ctum
748 3717 1005 3787 fuerat.
1124 3715 1206 3786 In
1278 3738 1367 3787 eo
1440 3737 1729 3813 quoque
1806 3723 2061 3786 monte
2130 3712 2317 3783 duae
2370 3730 2667 3803 consur-

481 3824 667 3909 gunt
718 3817 1002 3909 fontes,
1071 3838 1258 3885 unus
1313 3838 1398 3885 ex
1454 3840 1601 3886 uno
1656 3813 1888 3886 latere
1942 3808 2281 3904 montis,
2328 3808 2515 3876 alter
2580 3828 2667 3876 ex

483 3914 655 4009 alin,
709 3912 959 4011 sicque
1007 3913 1079 3985 in
1122 3912 1577 3986 convallibus
1613 3913 1767 3985 suis
1811 3910 2345 4016 descendentes
2382 3914 2459 3976 et
2488 3928 2668 4003 pau-

484 4012 688 4087 latim
758 4024 1177 4089 crescentes
1231 4038 1502 4109 magna
1574 4011 1993 4088 efficiuntur
2062 4006 2385 4079 flamma.
2508 4006 2671 4081 Una
