3034 4900
551 377 626 431 lv
997 364 1538 440 CHRONICON
1593 364 2291 441 NOVALICIENSE.·

553 550 712 619 iecit
758 549 1348 620 continuationem
1382 547 1691 619 chronici
1742 548 1834 619 ab
1887 573 2075 626 anno
2124 552 2274 635 fere
2314 553 2525 626 1014.
2579 576 2695 625 us·

555 672 683 744 que
729 655 897 742 post
958 674 1024 720 a.
1084 649 1312 742 1050,
1377 649 1490 718 cui
1538 649 1739 719 vario
1790 655 1868 720 ut
1915 649 2186 722 videtur
2235 656 2545 746 tempore
2597 653 2698 725 ad

555 748 979 842 supplendos
1043 749 1260 820 libros
1302 750 1582 842 priores
1632 748 1987 863 quaedam
2036 749 2419 846 subiunxit,
2485 759 2703 846 prout

553 849 686 921 sibi
733 851 806 920 in
855 851 1178 942 notitiam
1217 848 1587 920 veniebant
1620 851 1700 919 in
1726 848 1997 922 schedis
2048 853 2495 946 consi9nans,
2526 859 2695 924 tem-

547 973 806 1044 porum
868 933 1114 1021 ordine
1178 949 1391 1043 plane
1457 948 1789 1044 ne9lecto.
1908 949 2111 1023 Haec
2162 954 2400 1024 omnia
2452 952 2696 1024 eodem

545 1074 692 1145 quo
762 1049 1032 1122 schedis
1108 1049 1586 1121 mandaverat
1644 1048 1935 1144 ordine,
2012 1051 2171 1122 inde
2244 1054 2316 1123 in
2391 1052 2697 1126 rotulum

555 1150 968 1222 transscribi
1029 1151 1231 1242 fecit,-
1297 1152 1442 1243 ipse
1482 1137 1942 1242 postmodum
2006 1151 2116 1224 hic
2178 1150 2315 1223 illic
2366 1155 2691 1247 correxit,

552 1253 892 1346 si9naque
971 1250 1458 1344 supplementis
1522 1251 1885 1343 apposuit,
1962 1274 2098 1344 quo
2167 1275 2477 1348 quaeque
2538 1253 2692 1326 loco

553 1352 793 1436 forent
837 1351 1226 1422 inserenda.
1327 1348 1510 1419 Hinc
1548 1357 1915 1441 {apparere
1963 1349 2268 1444 videtur,
2326 1377 2503 1445 opus
2552 1377 2695 1424 non

551 1451 769 1536 fuisse
840 1449 1270 1542 absolutum,
1335 1447 1468 1522 sed·
1527 1445 1981 1544 appendicem
2046 1455 2112 1520 et
2174 1453 2389 1521 etiam
2438 1452 2693 1524 librum

555 1553 868 1646 quintum
935 1549 1336 1620 habendum
1415 1568 1562 1619 esse
1634 1550 1837 1644 quasi
1899 1572 2036 1642 pro
2102 1547 2578 1646 collectaneis,
2655 1577 2690 1624 e

551 1650 798 1746 quibus
877 1649 1256 1721 chronicon
1327 1651 1673 1742 inte9rum
1748 1650 1937 1719 curis
2021 1650 2343 1722 secundis
2414 1656 2693 1740 reficere

550 1753 864 1848 fortasse
909 1740 1422 1844 proposuerat,
1477 1771 1689 1844 quum
1739 1772 1935 1820 mors
1984 1772 2140 1820 eum
2192 1759 2560 1823 avocaret.

698 1851 957 1923 Fontes
1007 1849 1326 1922 adhibuit
1381 1850 1836 1922 narrationes
1876 1849 2297 1945 populares,
2369 1847 2689 1926 traditio

549 1965 709 2022 nem
773 1937 1296 2046 coaequalium,
1367 1972 1657 2021 carmen
1725 1949 1811 2020 de
1874 1949 2258 2022 Walthario
2273 2005 2327 2044 ,
2372 1951 2687 2045 Pereqri-

549 2052 906 2124 nationem
951 2055 1162 2144 atque
1193 2047 1408 2122 Actus
1455 2048 1781 2141 eiusdem,
1836 2047 2247 2145 diplomata,
2298 2052 2689 2144 inscriptio·

552 2173 714 2246 nes,
791 2149 1160 2245 Aqobar-di
1248 2149 1671 2244 epitaphium
1745 2147 1996 2220 Karoli
2070 2148 2349 2244 Ma9ni,
2434 2157 2697 2226 notam

549 2251 1122 2346 chronoloqicam
1137 2307 1159 2346 ,
1231 2272 1520 2322 carmen
1587 2248 1989 2322 historicum
2056 2252 2369 2335 fortasse
2418 2251 2689 2324 Benzo-

547 2353 691 2446 nis,
754 2351 1124 2424 historiam
1170 2351 1574 2424 Romanam
1592 2405 1613 2442 ,
1662 2348 1965 2421 Paulum
2010 2349 2451 2446 Diaconum,
2520 2352 2688 2424 Gre-

548 2455 734 2547 9orii
785 2452 1129 2546 dialoqos.
1243 2451 1442 2545 Le9it
1497 2450 1711 2521 etiam
1760 2447 1869 2520 vel
1910 2451 2090 2549 'citat
2132 2451 2387 2523 saltem
2442 2452 2687 2525 Teren-

545 2556 720 2627 tium
735 2580 762 2643 ,-
827 2553 954 2626 sed
998 2554 1203 2625 metri
1254 2552 1522 2646 antiqui
1569 2572 1653 2621 ne
1702 2572 1983 2623 sensum
2034 2549 2307 2645 quidem
2358 2550 2687 2625 habuisse

548 2654 834 2727 videtur.
915 2654 1250 2747 Sermone
1279 2654 1496 2723 utitur
1530 2650 1741 2743 plane
1775 2649 2111 2745 barbam,
2148 2653 2380 2723 sonitu
2408 2652 2690 2747 aequali

547 2754 869 2848 qaudens
919 2778 1004 2825 ex
1051 2776 1250 2825 more
1282 2752 1465 2824 illius
1495 2748 1783 2843 saeculi,
1834 2753 2075 2822 rarius
2124 2756 2377 2823 tamen.
2450 2748 2689 2825 Artem

546 2855 960 2951 historicam
1019 2854 1310 2967 frustra
1363 2850 1561 2944 apud
1618 2874 1775 2923 eum
1835 2853 2263 2944 quaesieris·
2234 2905 2259 2944 ,
2334 2856 2693 2945 componit

547 2956 731 3027 enim
781 2978 932 3047 res,
980 2955 1222 3046 prouti
1264 2953 1336 3023 in
1385 2972 1691 3025 mensem
1738 2950 2149 3025 inciderant.
2254 2951 2355 3023 ob
2407 2974 2688 3033 errores

479 3138 485 3148 ‚
543 3055 832 3127 multum
883 3058 1174 3125 notatur
1224 3075 1272 3123 a
1305 3033 1731 3167 MuratoriO,
1780 3052 1965 3125 iusto
2016 3024 2355 3124 acerbius,
2457 3052 2685 3125 Erra-

543 3157 643 3227 vit
703 3154 976 3251 quidem
1045 3154 1452 3247 saepissime
1470 3207 1490 3244 ,
1572 3150 1699 3223 sed
1770 3174 2129 3247 nunquam
2200 3154 2426 3225 sciens
2487 3152 2685 3238 falsa

545 3255 725 3329 dixit
735 3284 763 3348 ,-
829 3254 1177 3327 mirucula
1244 3258 1408 3325 tunc
1471 3252 1693 3347 quivis
1756 3275 1928 3323 vera
1982 3252 2315 3325 credebat
2326 3280 2354 3344 ,-
2422 3276 2683 3326 narra-

508 3359 766 3430 'tiones
829 3370 996 3427 vero
1045 3353 1430 3449 populares
1497 3358 1775 3428 tantum
1842 3353 2047 3427 abest
2100 3360 2183 3425 ut
2227 3378 2383 3430 cum
2435 3352 2683 3427 Mura-
2735 3394 2749 3401 -

541 3460 726 3529 torio
765 3459 1259 3551 'vituperemus
1322 3456 1395 3527 in
1443 3458 1689 3525 nostro
1709 3507 1731 3546 ,
1798 3458 1882 3524 ut
1944 3454 2017 3523 in
2075 3454 2160 3527 iis
2206 3456 2444 3545 potius
2490 3477 2683 3525 sum-

542 3580 734 3627 mum
785 3560 932 3629 eius
971 3559 1296 3631 meritum
1327 3553 1693 3626 videamus
1742 3558 1951 3647 atque
1968 3555 2679 3646 praestantissimum.

437 3740 442 3749 ,
547 3656 740 3744 Quae
799 3659 980 3728 enim
1048 3662 1311 3729 narrat
1371 3654 1745 3747 historica,
1828 3658 1961 3723 aut
2021 3673 2162 3725 non
2224 3656 2471 3749 maqni
2532 3674 2681 3725 mo·-

542 3755 754 3828 m'enti
811 3761 979 3829 sunt
1037 3762 1186 3825 aut.
1213 3755 1493 3827 aliunde
1546 3756 1757 3827 etiam
1804 3759 1975 3827 nota
1991 3780 2021 3845 5
2092 3752 2399 3839 fabellae
2448 3758 2688 3825 autem

533 3855 921 3951 populares
970 3855 1433 3927 suavissimae
1485 3856 1769 3927 omnino
1821 3853 2227 3949 deperditae
2262 3855 2539 3944 forent,
2608 3854 2685 3923 ni

472 3960 480 3973 '
537 3962 778 4029 noster
824 3978 952 4028 eas
999 3959 1505 4029 conservasset.
1604 3952 1825 4048 Atque
1888 3962 1969 4027 ut
2014 3960 2379 4028 taceamus
2434 3951 2520 4023 de
2570 3974 2681 4023 re-

539 4056 826 4155 liquis:
867 4056 1294 4130 Waltharius
1361 4054 1591 4145 locum
1636 4055 1773 4146 ipsi
1822 4053 2227 4171 assi9navit·
2261 4052 2333 4123 in
2380 4050 2681 4125 historia

499 4160 770 4253 poesis
831 4164 1118 4231 nostrae
1184 4139 1552 4231 heroicae·
1526 4210 1547 4245 ,
1620 4154 1874 4227 Karoli
1934 4175 2095 4223 vero
2160 4153 2369 4245 visio,
2430 4176 2681 4249 puqna
