3034 4900
867 453 872 461 .
973 379 1249 457 LIBER
1301 377 1815 454 SECUNDUS.
2016 395 2021 402 ·
2384 377 2481 452 25

407 567 737 665 Quisquis
778 567 850 639 ei
902 561 1327 661 conqressus
1377 569 1537 635 erat
1547 618 1570 657 ,
1632 583 1802 634 mox
1857 557 2175 632 Tartara
2222 560 2445 636 vidit..

407 671 470 743 0
516 691 644 742 rezc
695 673 760 738 et
811 668 1101 739 comites
1117 722 1138 760 ,
1211 669 1498 758 experto
1554 660 1817 735 credite
1833 717 1856 756 ,
1933 667 2245 756 quantus

401 772 486 842 In
535 770 832 862 clipeum
883 773 1178 862 surqat,
1230 787 1375 860 qua
1423 761 1703 835 turbine
1750 766 2089 857 torqueat
2132 760 2493 835 hastam.“

405 870 552 942 Sed
601 868 774 941 dum
827 866 1279 940 Gundharius
1329 863 1713 936 malesana
1768 867 1995 935 mente
2045 867 2397 958 qravatus

404 971 876 1066 Nequaquam
925 967 1110 1052 flecti
1150 969 1434 1058 posset,
1487 964 1750 1033 castris
1804 962 2268 1057 propiabant.

406 1069 504 1143 At
545 1067 896 1162 Hiltyund
947 1065 1036 1136 de
1085 1064 1341 1136 vertice
1405 1062 1668 1134 montis
1711 1062 1971 1155 procul
2022 1064 2395 1158 aspiciens,

407 1169 702 1243 Pulvere
753 1164 1038 1236 sublato
1091 1164 1438 1235 venientes
1488 1163 1709 1233 sensit
1722 1189 1752 1253 ,-
1800 1163 2033 1255 ipsum

424 1264 899 1342 Waltharium
943 1262 1234 1358 placido
1286 1267 1484 1334 tactu
1536 1260 1834 1356 viyilare
1884 1262 2239 1335 monebat.

416 1368 715 1474 Eminus
764 1363 892 1438 illa
921 1365 1167 1450 'refert
1213 1361 1581 1458 quandam
1636 1361 1939 1435 volitare
1980 1361 2454 1457 phalanyam.

349 1475 356 1482 ’
413 1476 576 1571 Ipse
627 1493 795 1544 vero
833 1470 1080 1544 oculos
1112 1475 1340 1542 tentos
1371 1471 1632 1543 summi
1665 1469 2121 1566 ylaucomate
2145 1494 2499 1568 puryanS,

414 1574 780 1647 Paulatim
829 1570 1102 1668 riqidos
1151 1571 1350 1656 ferro
1402 1571 1785 1643 vestiverat
1832 1577 2059 1644 artus.
2098 1577 2105 1584 ’

319 1677 628 1770 Cumque
669 1671 1047 1767 paululum
1093 1676 1645 1766 properassent,
1700 1671 1956 1743 mulier
2003 1677 2507 1744 corusscantes

317 1781 400 1849 ut
446 1773 624 1846 vidit
668 1771 946 1866 hastas,
997 1772 1409 1864 stupefacta
1459 1773 1670 1842 nimis
1718 1771 2035 1864 „Hunos
2075 1771 2236 1844 hic“
2283 1773 2511 1866 inquit

319 1870 788 1970 „habemus.“
905 1871 1052 1960 Que
1100 1870 1262 1952 ilico
1312 1871 1387 1940 in
1437 1875 1713 1942 terram
1756 1869 2025 1943 cadens
2075 1872 2347 1959 effatur
2393 1877 2505 1942 ta-

321 1975 422 2048 lia
473 1973 696 2046 tristis
714 1995 739 2042 .·
1107 1998 1116 2004 ·
1497 2007 1501 2011 ·

419 2073 786 2170 „Obsecro
801 2127 823 2166 ,
891 2073 995 2153 mi
1043 2070 1314 2164 senior,
1367 2075 1533 2144 me'a
1586 2069 1791 2144 colla'
1822 2076 2211 2167 se‘ccentur‚

431 2175 521 2248 Ut
568 2195 716 2269 *que
777 2195 925 2243 non
971 2173 1200 2242 merui
1266 2169 1591 2243 thalamo
1641 2172 1931 2264 sociari,

422 2273 702 2346 Nullius
749 2273 901 2342 iam
950 2269 1247 2341 ulterius
1290 2272 1558 2361 paciar
1608 2272 1949 2340 consocia
1999 2272 2314 2342 carnis.“

328 2375 456 2448 Cui
505 2368 982 2443 Waltharius:
1031 2365 1284 2464 „Absit
1331 2366 1527 2465 quod
1573 2369 1892 2465 roqita35
1942 2371 2195 2440 mentis
2244 2369 2515 2465 depone

321 2496 692 2572 pavorem.
823 2472 986 2565 Ipse
1053 2470 1442 2564 Dominus,
1487 2472 1647 2565 'qui
1714 2494 1827 2542 me
1896 2468 1983 2541 de
2058 2472 2283 2543 variis
2349 2496 2515 2567 sepe

329 2576 574 2649 eduxit
611 2572 969 2667 periculis,
1021 2570 1136 2642 ille
1186 2569 1380 2641 valet
1424 2569 1539 2639 hic
1586 2568 1847 2662 hostes,
1906 2570 2161 2659 creda,
2214 2575 2515 2658 confun-

329 2676 496 2749 dere
555 2670 916 2745 nostros.“
1033 2668 1238 2741 Haec
1304 2669 1412 2768 ait
1422 2724 1445 2761 ,
1499 2667 1881 2764 oculosque
1934 2667 2285 2742 adtollens
2336 2673 2515 2758 effa-

330 2782 450 2847 tur
503 2772 607 2844 ad
655 2775 926 2865 ipsam:
981 2768 1194 2861 „Non
1245 2774 1500 2840 assunt
1546 2766 1659 2839 hic
1708 2768 2023 2865 Avares,
2074 2770 2205 2845 sed
2250 2772 2523 2845 Franci

331 2871 714 2947 nebulones
732 2925 753 2964 ,
809 2868 1134 2942 cultores
1199 2868 1586 2963 reqionis.“
1684 2867 1983 2965 Aspicit,
2054 2878 2125 2944 et
2169 2896 2523 2967 qnoscens

332 2973 638 3046 iniunxit
695 2969 875 3043 talia
913 2969 1191 3042 ridens:
1256 2968 1423 3065 „En
1470 2968 1760 3063 yaleam
1795 2972 2272 3067 Haqanonis!
2322 2997 2525 3047 meus

335 3074 614 3168 colleqa
663 3076 992 3144 veternus
1044 3074 1256 3165 atque
1304 3069 1615 3142 socius.“

436 3175 599 3246 Hoc
650 3172 862 3267 heros
935 3171 1296 3242 introitum
1345 3171 1677 3243 stationis
1725 3170 2049 3268 hadibat,

437 3274 746 3357 Inferius
811 3272 1032 3343 stanti
1091 3270 1465 3365 predicens
1530 3273 1633 3343 sic
1682 3272 1960 3343 mulieri
1978 3297 2003 3342 .·
2524 3320 2531 3333 ·

440 3373 762 3467 „Coram
810 3370 950 3443 hac
996 3376 1214 3465 porta
1265 3371 1555 3443 verbum
1605 3371 1821 3444 modo
1873 3374 2068 3444 iacto
2106 3372 2525 3466 superbum:

341 3473 531 3545 Hinc
579 3471 816 3544 nullus
865 3470 1146 3543 rediens
1196 3471 1562 3565 Francus,
1628 3473 1783 3567 quis
1831 3495 2023 3545 suae.
2059 3471 2308 3545 valeat
2350 3493 2530 3544 nun-

345 3574 543 3645 ciare
607 3574 855 3665 uxori,
923 3573 1043 3666 qui
1105 3576 1303 3643 tante
1360 3573 1877 3665 presumpserit
1934 3569 2175 3644 tollere
2226 3571 2529 3667 yazae.“

342 3672 492 3745 Nec
543 3670 714 3743 dum
763 3694 1160 3745 sermonem
1213 3671 1687 3765 conpleverat‚
1744 3676 1814 3741 et
1860 3695 2017 3744 ecce
2064 3670 2277 3745 humo
2329 3678 2533 3747 'tenus

343 3774 637 3866 corruit,
692 3776 760 3842 et
808 3773 1088 3842 veniam
1117 3772 1336 3863 petiit,
1391 3768 1588 3864 quod
1620 3768 1801 3842 talia
1845 3770 2036 3844 dixit.
2138 3771 2535 3869 Postquam

347 3878 590 3945 autem
641 3872 986 3965 surrexit,
1054 3868 1546 3963 contemplans
1596 3873 1877 3943 cautius
1928 3872 2145 3944 discit:
2218 3874 2535 3969 ,‚Omnes

342 3971 600 4044 horum
651 3994 830 4067 quos
880 3969 1084 4043 video
1137 3968 1406 4042 nullum
1453 3972 1664 4043 timeo
1681 4026 1704 4065 ,
1770 3972 2181 4067 Hayanone
2228 3980 2531 4046 remoto.

347 4071 542 4143 Nam
585 4070 700 4144 ille
752 4092 953 4144 meos
997 4093 1132 4165 per
1176 4069 1407 4164 prelia
1450 4072 1589 4143 scit
1624 4094 1883 4167 mores,
1934 4072 2221 4167 iamque
2267 4073 2533 4165 didicit,

349 4175 538 4242 tenet
583 4176 648 4243 et
682 4170 796 4244 hic
843 4173 1060 4246 etiam
1107 4176 1233 4243 sat
1280 4169 1587 4244 callidus
1636 4177 1887 4245 artem.
1998 4172 2219 4262 Quem
2254 4174 2320 4245 si
2348 4172 2537 4257 forte
2602 4203 2615 4210 ·
