3034 4900
544 350 642 423 44
962 346 1514 423 CHRONICON
1568 346 2285 426 NOVALICIENSE.

538 531 769 632 ipsius
845 530 986 602 loci
1069 541 1144 602 et
1213 529 1306 602 de
1373 528 1749 628 discipulis
1816 531 2009 605 beati
2075 533 2419 605 Frodoini
2490 545 2563 608 et
2626 536 2719 608 de

537 632 698 705 eius
765 627 1094 703 doctrina
1158 629 1300 702 viri
1348 629 1927 726 requirebantur.
2048 632 2156 704 De
2221 633 2483 730 quibus
2538 659 2717 706 non-

534 731 716 803 nulli
777 729 1012 802 mirae
1081 738 1156 803 et
1222 730 1594 825 perfectae
1648 730 2057 804 sanctitatis
2109 732 2182 803 in
2236 734 2501 806 eodem
2553 735 2715 808 loco

533 829 996 904 exercebant.
2532 843 2537 846 ·

687 931 800 1004 14.
870 927 1098 1023 Igitur
1147 925 1326 1000 tuba
1376 938 1819 1002 convocatus
1878 929 2117 1002 omnis
2170 930 2371 1025 regis
2437 932 2712 1004 exerci-

531 1041 688 1128 tus,
752 1029 1057 1126 ipseque
1120 1050 1250 1099 rex
1321 1024 1567 1100 abbati
1636 1039 1712 1100 et
1782 1029 2111 1101 omnium
2182 1031 2495 1104 fratrum
2548 1055 2710 1103 ora-

528 1127 852 1202 tionibus
917 1150 999 1200 se
1054 1126 1619 1219 commendans,
1690 1127 1956 1200 deinde
2008 1128 2471 1224 valedicenS,
2543 1155 2709 1226 pre-

529 1228 841 1302 cedente
909 1225 1257 1299 iamdicto
1310 1226 1716 1300 ioculatore
1768 1227 2009 1326 coepit
2061 1228 2284 1302 abire.
2408 1230 2551 1318 Qui
2601 1229 2707 1303 io-

527 1330 814 1402 culator
873 1325 1296 1423 relinquens
1363 1324 1613 1396 omnia
1680 1325 1977 1422 itinera7
2058 1326 2375 1400 ducebat
2425 1353 2707 1425 regem

527 1451 696 1500 cum
749 1426 900 1500 suis
952 1449 1088 1522 per
1139 1423 1590 1523 crepidinem
1640 1424 2021 1498 cuiusdam
2073 1427 2381 1522 montiS,
2436 1428 2515 1499 in·
2562 1453 2707 1524 quo

526 1548 759 1624 usque
825 1525 901 1598 in
954 1525 1390 1598 hodiernum
1463 1524 1660 1596 diem
1712 1523 1847 1596 Via
1908 1525 2359 1598 Francorum
2420 1527 2704 1600 dicitur.

526 1629 858 1723 Cumque
913 1625 1005 1697 de
1058 1624 1386 1723 predicto
1445 1623 1998 1698 descendissent
2044 1636 2326 1717 monte,
2386 1625 2702 1699 devene-

521 1737 695 1799 runt
745 1725 819 1798 in
871 1724 1264 1824 planiciem
1326 1723 1502 1818 vici,
1574 1723 1689 1797 cui
1755 1747 2024 1797 nomen
2091 1735 2250 1797 erat
2298 1726 2701 1821 Gavensi33

520 1826 766 1923 ibique
818 1849 902 1899 se
953 1825 1397 1920 adunanteS,
1449 1822 1832 1896 struebant
1888 1825 2122 1896 aciem
2189 1837 2443 1898 contra
2493 1825 2701 1899 Desi-

519 1926 830 1999 derium.
929 1923 1353 1996 Desiderius
1405 1947 1583 1994 vero
1637 1947 1945 2020 sperans
1995 1925 2564 1997 Karolum-ante
2616 1949 2699 1998 se

518 2025 611 2096 ad
694 2022 1009 2117 bellum,
1085 2022 1398 2096 Karolus
1475 2033 1727 2094 autem
1804 2047 1847 2094 a
1919 2023 2139 2096 dorsa
2188 2024 2534 2120 ‚ipsorum
2604 2023 2698 2095 de

515 2132 766 2195 monte
810 2121 1166 2194 descenso
1219 2119 1640 2194 festinabat.
1743 2125 1841 2194 At
1890 2122 2013 2195 ubi
2048 2123 2471 2196 Desiderius
2521 2123 2699 2196 talia

515 2221 917 2321 comperit,
997 2245 1304 2294 ascenso
1385 2245 1619 2320 aequo
1689 2221 1991 2319 Papiam
2067 2221 2302 2319 fugiit.
2440 2222 2697 2294 Franci

515 2323 712 2396 enim
748 2321 1244 2397 diffundentes
1297 2346 1379 2395 se
1432 2323 1575 2394 huc
1627 2320 1972 2419 illucque,
2028 2323 2414 2422 capiebant
2452 2321 2697 2395 omnia

512 2433 887 2497 vastantes
939 2423 1243 2497 castella
1295 2421 1575 2493 scilicet
1630 2431 1703 2493 et
1757 2421 1979 2493 vicos.
2085 2423 2289 2496 Tunc
2340 2422 2693 2495 accedens

512 2522 898 2595 iamdictus
926 2516 1308 2593 'ioculator
1360 2519 1452 2592 ad
1493 2540 1779 2614 regem,
1830 2516 2041 2614 petiit
2077 2529 2158 2590 ut
2196 2519 2335 2589 sibi
2374 2520 2691 2613 promis-

509 2646 678 2697 sum
732 2621 1055 2719 daretur,
1110 2620 1303 2719 quod
1355 2631 1527 2693 ante
1580 2617 1685 2690 illi
1738 2617 2109 2715 pollicitus
2148 2617 2407 2687 fuerat.
2488 2617 2691 2689 Tunc

510 2724 613 2795 ait
663 2723 770 2794 illi
822 2746 990 2794 rex:
1043 2718 1340 2792 Postula
1377 2716 1720 2813 quodvis,
1824 2714 1956 2789 Cui
1987 2714 2149 2785 ille:
2202 2712 2401 2807 Eryo
2442 2736 2687 2787 ascen-

509 2821 680 2893 dam
729 2822 802 2890 in
851 2841 1072 2889 unum
1125 2842 1210 2888 ex
1258 2817 1368 2889 his
1405 2816 1770 2907 montium,
1824 2819 1893 2885 et
1932 2812 2180 2885 tubam·
2211 2815 2496 2899 fortiter
2522 2838 2687 2907 per-

503 2918 780 2993 sonabo
833 2937 1167 2987 corneam
1190 2968 1210 3007 ,
1290 2918 1362 2984 et
1413 2918 1757 3008 quantum
1809 2913 2016 3006 lonqe
2069 2912 2312 2989 audiri
2352 2916 2684 3008 potuerit,

504 3018 711 3090 dabis
759 3014 928 3087 mihi
975 3016 1048 3085 in
1098 3014 1346 3084 merito
1389 3017 1460 3083 et
1497 3022 1785 3083 munere
1836 3035 1998 3084 cum
2049 3014 2219 3085 viris
2268 3019 2339 3084 et
2379 3014 2682 3099 feminis.

501 3118 593 3190 Et
651 3137 813 3187 rex:
889 3113 1055 3183 Fiat
1119 3110 1244 3182 tibi
1306 3113 1508 3183 iuxta
1574 3111 1795 3183 verba
1862 3118 2011 3183 tua.
2134 3111 2277 3200 Qui
2347 3111 2681 3209 protinus

503 3215 820 3289 adorans
871 3234 1128 3307 regem
1181 3210 1393 3309 abiit,
1459 3210 2014 3309 ascendensque
2076 3210 2151 3282 in
2216 3236 2363 3284 uno
2416 3211 2683 3285 monti-

503 3318 706 3409 culo,
760 3311 933 3385 fecit
984 3311 1172 3387 sicut
1227 3310 1529 3389 dixerat.
1633 3312 2255 3408 Descendensque
2307 3312 2472 3385 ilico
2532 3311 2683 3385 ibat

500 3438 634 3513 per
682 3410 966 3485 viculos
1021 3422 1096 3483 et
1150 3433 1430 3506 arvam,
1481 3411 1953 3507 interrogans
2004 3436 2190 3508 quos
2223 3410 2679 3485 inveniebat:

499 3510 804 3607 Audisti,
867 3510 1119 3608 inquid
1148 3565 1170 3605 ,
1236 3512 1545 3582 sonitum
1608 3510 1875 3584 tubae?
1986 3510 2122 3585 Cui
2192 3512 2256 3585 si
2340 3510 2678 3585 dixisset:

492 3612 734 3715 Iglliam
788 3610 1062 3705 audivi,
1131 3608 1354 3683 dabat
1403 3609 1510 3683 illi
1561 3635 1734 3683 mox
1786 3611 2153 3704 colafum,
2206 3611 2490 3685 dicens:
2556 3610 2675 3701 Tu,

496 3712 770 3809 inquid,
825 3734 899 3783 es
948 3732 1147 3782 meus
1195 3732 1465 3783 servus.
1569 3709 1677 3784 Ita
1722 3733 1902 3806 ergo
1946 3710 2151 3783 dedit
2196 3710 2303 3784 illi
2335 3710 2675 3803 Karolus‚

497 3822 848 3910 quantum
919 3808 1248 3882 sonitum
1315 3809 1536 3882 tubae
1616 3809 1849 3882 audiri
1925 3811 2191 3908 potuit3
2279 3820 2494 3903 atque
2570 3804 2677 3879 ita

495 3913 672 3983 dum
723 3909 903 3983 vixit
953 3908 1221 4003 tenuit,
1275 3907 1535 4004 suique
1586 3908 1717 3981 filii
1769 3921 1940 4007 post
1990 3933 2201 4002 eum3
2268 3907 2390 4003 qui
2442 3928 2677 4001 usque

493 4012 568 4085 in
623 4019 1047 4109 presentem
1090 4007 1286 4079 diem
1341 4008 1537 4081 servi
1574 4007 1715 4105 ipsi
1752 4006 2267 4083 Transcornati
2300 4016 2671 4080 vocantur.

492 4112 810 4185 Karolus
862 4108 1178 4206 denique
1227 4109 1527 4207 capiens
1557 4108 2087 4185 Tam-inensem
2140 4104 2513 4179 civitatem
2566 4117 2671 4180 at-
