3034 4900
1035 364 1310 440 LIBER
1362 368 1795 457 QUINTUS.
2410 375 2511 448 67

383 547 496 622 .9.
563 545 855 621 Interea
927 548 1408 621 reminiscens
1458 561 1855 648 parentum
1916 575 2253 626 meorum
2318 554 2508 628 infra

325 646 918 743 persecutionem
972 646 1450 722 barbarorum
1503 649 1797 723 interim
1854 651 2273 750 nominatis,
2332 680 2507 752 qua-

325 747 496 818 liter
561 746 1038 819 circumventi
1107 759 1280 820 sunt
1345 750 1787 822 comm—endo
1858 751 2069 843 stilo,
2144 763 2216 824 et
2282 754 2509 840 etiam

325 843 731 917 memoriae
784 859 1106 943 nequeat
1167 849 1396 920 latere
1464 849 1803 944 posteris.
1921 850 2239 937 Quidam
2292 852 2509 926 miles

211 971 218 981 ¹
323 945 464 1016 fuit
515 968 726 1017 meus
790 946 1187 1041 patruelis3
1255 946 1378 1040 qui
1447 946 1700 1018 exiens
1770 972 1857 1019 ex
1929 949 2200 1023 finibus
2270 952 2505 1024 Carri-

323 1044 618 1138 cianae,
692 1044 1046 1116 Vercellis
1109 1044 1555 1141 properabat
1612 1045 1705 1118 ad
1758 1045 2040 1122 urbem.
2158 1050 2509 1124 Audierat

324 1165 642 1237 namque
707 1143 1106 1216 adventum
1176 1143 1698 1235 barbarorum,
1782 1147 1917 1218 sed
1987 1147 2271 1220 distulit
2350 1173 2505 1222 cre-

323 1240 784 1352 de1·e.,·quia
847 1253 1022 1314 tunc
1085 1243 1340 1339 procul
1405 1242 1713 1316 aberant
1776 1269 1817 1315 a
1880 1244 2150 1319 finibus
2211 1248 2505 1322 nostriS.

203 1403 208 1407 ,
321 1339 512 1412 Dum
579 1351 718 1412 iret
769 1341 992 1436 igitur
1042 1366 1177 1439 per
1230 1365 1491 1414 nemus
1546 1343 1917 1439 quoddam
1971 1346 2043 1416 in
2082 1346 2241 1418 iure
2276 1347 2509 1443 ipsius

321 1440 658 1533 civitatis,
688 1440 931 1514 subito
963 1440 1294 1514 insiliunt
1326 1441 1398 1511 in
1434 1464 1607 1514 eum
1636 1443 1964 1516 infinitae
1994 1447 2505 1520 multitudines

321 1538 900 1612 Sarracenorum
935 1583 1028 1594 -
1058 1551 1419 1612 venerant
1451 1542 1600 1613 iam
1634 1543 1704 1614 in
1737 1541 2007 1616 finibus
2038 1544 2383 1640 Liguriae
2414 1589 2497 1603 --

319 1638 439 1734 qui
474 1639 808 1735 protinus
833 1638 1265 1734 confligunt⁷
1288 1651 1360 1711 et
1383 1639 1796 1714 sautiantur
1816 1666 1905 1714 ex
1934 1655 2242 1740 utraque
2270 1658 2501 1743 parte.

319 1738 479 1808 Non
533 1739 871 1810 valentes
925 1761 1102 1808 vero
1157 1737 1366 1834 pauci
1422 1751 1677 1816 contra
1730 1751 1880 1812 tam
1920 1765 2269 1836 magnam
2316 1746 2505 1816 mul·-

319 1834 752 1928 titudinem,
825 1835 1204 1928 dilituunt3
1274 1835 1574 1932 quidam
1642 1861 1903 1910 eorum
1971 1841 2119 1912 vivi
2174 1842 2505 1916 detineri-2

319 1943 456 2004 tur.
565 1935 768 2006 Tunc
819 1945 1076 2032 captus
1131 1945 1246 2007 est
1297 1936 1653 2034 patruelis
1706 1961 1919 2010 meus
1972 1962 2139 2010 cum
2188 1965 2333 2012 uno
2370 1965 2544 2016 suo·

320 2032 772 2128 vernabu103
825 2034 1206 2107 enimvero
1259 2037 1839 2133 pessumdantur
1880 2061 2045 2108 cum
2089 2039 2320 2113 tauris
2374 2043 2505 2114 he-

318 2152 484 2204 rum
539 2143 614 2204 et
663 2137 1070 2206 vernulam.
1175 2135 1366 2206 Dum
1420 2136 1605 2208 haec
1656 2149 2081 2232 agerentur,
2144 2141 2333 2212 forte
2388 2163 2503 2212 ac·-

317 2231 534 2324 cidit,
611 2243 694 2302 ut
761 2235 988 2306 frater
1038 2233 1275 2326 illius,
1345 2234 1624 2320 scilicet
1676 2259 1857 2306 avus
1912 2259 2164 2331 meus,
2233 2239 2325 2310 ad
2382 2263 2503 2310 cu·-

317 2329 507 2400 riam
569 2341 1006 2426 properaret
1055 2331 1401 2427 episcopi.
1526 2331 1739 2404 Videt
1798 2333 2185 2406 vernulam
2252 2337 2505 2410 fratris

317 2429 640 2501 vinctum
695 2454 864 2501 cum
914 2441 1164 2525 taur03
1237 2431 1404 2503 ilico
1459 2430 1861 2527 exhorruit,
1914 2450 2045 2505 c'ur
2096 2433 2162 2506 ei
2217 2435 2503 2510 evenis-

319 2539 435 2604 set
505 2552 804 2604 causam
873 2530 1295 2625 interrogat.
1415 2530 1919 2627 Respondisse
1994 2556 2173 2605 vero
2242 2537 2503 2627 fertur,

309 2628 492 2701 illuc
563 2653 730 2701 cum
806 2629 1136 2703 venisset
1201 2630 1291 2701 ab
1355 2631 1947 2727 exploratoribus
2014 2642 2273 2729 captus
2349 2646 2505 2730 est3

318 2727 696 2801 maliciose
763 2728 1012 2800 celans
1081 2728 1687 2825 interceptionem
1750 2730 1861 2803 sui
1916 2732 2114 2826 heri,
2187 2731 2281 2802 ob
2336 2756 2503 2827 gra·

315 2826 496 2899 tiam
549 2827 664 2898 sui
717 2827 1102 2899 liberandi.
1208 2828 1372 2926 Ipse
1425 2838 1678 2900 autem
1716 2831 2050 2927 profecto
2088 2831 2291 2905 dedit
2342 2844 2503 2905 tau·
2552 2860 2555 2865 ·

315 2948 562 2997 racem
617 2925 972 3020 trilicem,
1045 2951 1188 3024 qua
1239 2939 1399 2999 erat
1449 2928 1782 3024 indutus,
1851 2940 1927 3001 et
1994 2954 2293 3017 servum
2336 2933 2503 3003 *fra-

313 3026 444 3099 tris
513 3024 782 3098 liberat
834 3051 874 3099 a
925 3027 1258 3101 vinculis.
1363 3027 1541 3101 Post
1596 3028 2057 3126 ereptionem
2110 3054 2319 3105 suam
2369 3052 2501 3103 ‚ne-

314 3148 534 3219 quam
588 3126 884 3221 pandit.,
940 3124 1314 3199 seniorem
1366 3150 1535 3201 esse
1588 3140 1926 3226 captum,
1983 3141 2061 3201 ut
2112 3130 2503 3204 Terentius

317 3222 453 3293 ait:
547 3224 806 3296 Omnes
887 3226 1134 3314 melius
1211 3224 1496 3297 malunt
1564 3228 1699 3297 sibi
1766 3250 1917 3297 esse
1984 3250 2204 3321 quam
2274 3226 2498 3298 alteri.

313 3320 575 3393 Frater
627 3332 876 3394 autem
926 3324 1142 3397 valde
1195 3324 1599 3396 condolens
1651 3326 1880 3397 fratre
1934 3336 2175 3423 capte,
2228 3325 2500 3421 stipen-

315 3420 517 3491 dium
573 3444 718 3491 non
775 3420 1054 3495 habens
1097 3422 1547 3515 redimendi,
1604 3424 1697 3494 ad
1750 3422 2180 3521 episcopum
2233 3446 2501 3522 prope·-

316 3528 434 3591 rat
483 3518 802 3593 civitatis
857 3520 1154 3592 nomine
1207 3520 1426 3617 lnge,
1481 3520 1603 3619 qui
1656 3534 1817 3594 erat
1868 3546 2045 3595 suus
2098 3534 2499 3620 compater,

316 3630 400 3691 ut
447 3618 660 3691 daret
707 3620 812 3692 illi
866 3618 1157 3718 aliquod
1215 3620 1713 3693 aminiculum.
1814 3620 1965 3693 Sed
2019 3644 2166 3693 non·
2216 3622 2497 3697 habens

317 3718 512 3814 quod
567 3716 926 3814 proficere
979 3731 1273 3817 posset,
1326 3718 1645 3793 monetis
1692 3720 2186 3794 consideravit
2238 3733 2499 3795 cuncta

319 3842 453 3891 sua
526 3817 969 3915 penetralia,
1041 3819 1103 3891 si
1173 3817 1540 3893 inveniret
1608 3818 1800 3916 quod
1874 3832 2218 3919 sumeret.
2348 3820 2497 3893 Sed

319 3942 462 3991 non
505 3917 950 4015 repperiens
1003 3918 1076 3991 in
1126 3916 1276 3990 illis
1315 3918 1813 4013 facultatibus,
1864 3920 2143 3993 vicinos
2189 3930 2265 3993 et
2316 3918 2497 3993 arni-

319 4038 446 4088 cos
497 4017 844 4113 requirit7
915 4028 989 4090 et
1053 4040 1340 4114 queque
1401 4017 1683 4093 habere
1730 4020 1991 4116 potuit,
2045 4042 2181 4116 pro
2232 4018 2499 4093 redibi-

321 4114 520 4185 tione
553 4116 678 4189 dat
715 4117 1004 4211 fratris3
1059 4126 1136 4188 et
1187 4120 1293 4189 sic
1323 4139 1495 4189 eum
1524 4116 1791 4191 liberat
1842 4142 1883 4190 a
1914 4120 2178 4191 funere·
2211 4115 2495 4190 mortis.

1892 4253 1998 4325 5*
