3034 4900
487 295 587 376 30
930 294 1479 374 eunoun-:ou
1522 271 2239 414 'movamcmwsa

485 476 826 576 serebat,
878 479 1081 554 nullo
1133 479 1356 555 modo
1410 479 1550 553 sibi
1600 482 2038 558 convenisse
2090 508 2178 556 ea
2225 483 2667 580 relinquere.

487 580 817 678 Cumque
868 579 1290 678 coepissent
1338 579 1454 652 1111-
1495 581 2153 657 vehementissime
2202 585 2351 656 vim
2398 585 2667 680 facere,

483 678 940 755 Waltbarius
989 681 1180 754 clam
1233 678 1673 754 abstrahens
1724 705 1768 754 a
1806 682 1993 758 sella
2033 685 2545 778 retinaculum,
2594 683 2670 756 in

488 803 634 876 quo
685 804 818 879 pes
872 779 1030 854 eius
1085 790 1301 854 antea
1353 781 1703 877 herebat,
1780 783 2145 880 percussit
2212 784 2337 857 uni
2407 807 2670 856 eorum

485 880 560 955 in
639 881 918 978 capite,
1003 879 1127 977 qui
1191 879 1464 966 cadens
1530 879 1604 953 in
1670 892 1982 980 terram,
2038 885 2267 958 -velut
2331 896 2671 962 mortuus

485 980 724 1054 factus
777 992 926 1054 est:
995 990 1435 1153 arreptaque
1487 980 1722 1080 ipsius
1770 1007 2019 1080 arma,
2070 983 2527 1082 percutiebat
2578 983 2673 1056 ad

484 1078 874 1154 dexteram
905 1081 1068 1155 sive
1100 1105 1140 1154 a
1223 1081 1624 1155 sinistram.
1726 1083 2009 1164 Deinde
2062 1083 2428 1184 aspiciens
2468 1084 2671 1157 iuxta

486 1203 571 1253 se
633 1180 818 1256 vidit
879 1181 1192 1255 vitulum
1259 1193 1729 1278 pascentem,
1798 1209 2019 1280 quem
2075 1185 2471 1282 arripiens,
2545 1183 2671 1256 aba·

486 1282 748 1354 straxit
798 1279 888 1353 ab
945 1306 1034 1354 eo
1085 1283 1504 1376 humerum,
1561 1281 1653 1354 de
1692 1307 1835 1379 quo
1881 1283 2343 1380 percutiebat
2390 1283 2671 1381 hostes,

484 1403 942 1477 persequens
995 1403 1081 1452 ac
1129 1379 1527 1454 dibachans
1584 1405 1713 1454 eos
1762 1406 1895 1479 per
1933 1407 2298 1480 campum.
2400 1384 2674 1456 Volunt

485 1490 736 1552 autem
787 1479 1143 1574 nonnulli,
1197 1480 1392 1576 quod
1446 1481 1571 1553 uni
1614 1505 1897 1578 eorum,
1949 1483 2071 1580 qui
2102 1483 2456 1556 Waltario
2502 1483 2671 1580 plus

487 1577 756 1655 ceteris
822 1579 1282 1678 inportunius
1347 1581 1773 1680 insistebat,
1845 1605 2021 1660 cum.
2066 1606 2147 1657 se
2218 1581 2671 1679 inclinasset,

485 1691 569 1754 ut
617 1679 1094 1755 calciamenta
1127 1681 1515 1755 Waltharii
1565 1681 1656 1755 ab
1709 1682 2022 1782 pedibus
2076 1683 2235 1756 eius
2278 1693 2672 1779 extrueret,

485 1777 780 1858 hisdem
848 1781 1300 1854 Waltharius
1365 1783 1530 1856 ilico
1596 1807 1685 1856 ex
1750 1807 2000 1881 pugno
2053 1785 2128 1856 in
2182 1785 2455 1856 collum
2512 1781 2673 1856 eius

485 1879 945 1978 percutiens,
1013 1881 1114 1954 ita
1167 1893 1248 1954 ut
1297 1907 1382 1955 os
1429 1883 1665 1981 ipsius
1718 1885 2033 1956 fractum
2084 1883 2158 1954 in
2210 1883 2465 1976 gulam
2514 1883 2675 1956 eius

489 1981 802 2074 caderet.
919 1981 1028 2052 Ex
1076 1979 1223 2053 illis
1275 2005 1595 2078 namque
1646 1983 1985 2079 plurimis
2052 1981 2347 2077 occisis,
2412 1980 2677 2078 reliqui

487 2103 667 2152 vero
721 2079 797 2154 in
851 2080 1106 2174 fugam
1156 2079 1352 2172 versi
1405 2081 1909 2178 relinquerunt
1956 2080 2219 2154 omnia.
2343 2081 2676 2154 Waltha-

489 2179 646 2254 rius
701 2189 948 2253 autem
1003 2179 1268 2278 adepta
1319 2180 2045 2279 victoria·accipie.ns
2098 2191 2355 2253 cuncta
2414 2192 2491 2254 et
2540 2203 2675 2254 sua

490 2291 568 2356 et
619 2281 883 2376 aliena,
937 2278 1321 2377 repedavit
1367 2281 1711 2354 continuo
1749 2280 1839 2353 ad
1892 2280 2451 2376 monasterium,
2506 2305 2675 2354 cum

490 2380 815 2454 maxima
883 2380 1114 2477 preda
1183 2391 1592 2453 oneratum.
1682 2379 1957 2454 -Abbas
2027 2390 2277 2455 autem
2350 2381 2527 2455 talia
2596 2391 2677 2455 ut

490 2491 662 2555 ante
697 2480 1052 2575 audierat,
1105 2480 1308 2575 vidit,
1363 2480 1531 2553 ilico
1584 2480 1945 2576 ingemuit
1998 2505 2083 2554 ac
2134 2504 2216 2555 se
2266 2480 2343 2553 in
2396 2482 2674 2553 lamen-

491 2592 650 2655 tum
703 2591 776 2655 et
826 2581 1169 2679 precibus
1224 2604 1392 2654 cum
1450 2581 1757 2679 reliquis
1822 2605 1957 2679 pro
2025 2604 2114 2653 eo
2179 2579 2381 2654 dedit
2431 2578 2677 2653 fratri-

489 2680 656 2776 bus,
705 2681 1096 2778 increpans
1151 2698 1324 2755 eum
1371 2682 1593 2755 valde
1642 2682 1909 2757 acriuS.
2026 2679 2431 2755 Waltarius
2496 2700 2679 2754 vero

492 2780 658 2853 exin
721 2779 1206 2877 penitentiam
1270 2782 1637 2881 accipiens
1691 2807 1734 2854 a
1784 2781 2114 2879 predicto
2168 2792 2518 2879 patrone,
2582 2802 2677 2853 ne

491 2879 582 2953 de
636 2889 841 2953 tanto
896 2880 1178 2953 scelere
1231 2881 1739 2979 superbiretur
1788 2882 1864 2952 in
1917 2905 2262 2979 corpore,
2328 2881 2526 2953 unde
2572 2880 2677 2951 ia-

493 2990 782 3065 cturam
844 2992 1218 3077 pateretur
1269 2981 1344 3053 in
1387 2982 1663 3053 anima.
1784 2980 2113 3054 Tradunt
2180 2992 2429 3053 autem
2496 3001 2677 3049 non-

492 3079 716 3177 nulli,
805 3080 999 3176 quod
1070 3080 1306 3155 tribus
1373 3081 1657 3156 vicibus
1734 3104 1903 3153 cum
1979 3079 2287 3178 paganis
2356 3078 2677 3177 superir-

493 3178 877 3255 ruentibus
930 3181 1410 3280 pugnaverit,
1465 3184 1703 3279 'atque
1770 3180 2155 3255 victoriam
2218 3202 2309 3251 ex
2360 3180 2507 3254 illis
2561 3202 2677 3251 ca-

493 3282 706 3380 piens
759 3280 1248 3377 ignominiose
1315 3280 1420 3354 ab'
1465 3306 1641 3354 arva
1708 3280 2089 3379 expulerit.
2191 3280 2380 3353 Nam
2432 3280 2682 3352 ferunt

495 3381 875 3479 aliquanti,
929 3382 1124 3479 quod
1179 3380 1322 3455 alio
1372 3394 1749 3481 tempore,
1800 3404 1969 3455 cum
2022 3382 2116 3454 de
2168 3392 2397 3479 prato·
2431 3402 2681 3473 rever7

497 3492 782 3556 teretur
843 3483 1071 3582 ipsius
1123 3483 1552 3580 monasterii
1572 3514 1625 3577 ,··
1661 3481 1855 3579 quod
1928 3480 2193 3557 dicitur
2228 3480 2521 3577 Mollis,
2590 3478 2683 3551 de

496 3604 644 3685 quo
698 3583 1017 3657 eiecerat
1065 3590 1296 3684 equ'os
1348 3582 1548 3679 regis
1580 3580 1969 3677 Desiderii,
2022 3606 2208 3680 quos
2251 3580 2349 3653 ibi
2380 3580 2681 3653 invene·

495 3690 615 3761 rat
666 3690 1058 3781 pascentes
1109 3706 1196 3756 ac
1245 3682 1971 3778 vastantes-erbam,
2025 3682 2150 3781 qui
2186 3704 2358 3760 cum
2406 3678 2681 3789 multo-s

497 3806 590 3857 ex
637 3782 801 3858 'illis
865 3780 1248 3856 debellans
1311 3784 1615 3860 vicisset
1680 3809 1767 3857 ac
1816 3784 2383 3877 rev>erteretur,·'
2408 3779 2685 3853 invenit

500 3882 694 3958 iusta
746 3882 944 3958 viam
997 3882 1419 3956 columnam
1484 3891 2008 3981 marmoream,
2062 3883 2137 3957 in
2188 3903 2333 3979 qua
2380 3898 2681 3975 percus-

502 3984 600 4061 sit
663 3983 775 4057 bis
829 4007 920 4057 ex
969 3983 1330 4083 pugione,
1400 3984 1611 4081 quasi
1682 3986 1833 4058 leto
1888 3984 2133 4057 animo
2187 4004 2279 4053 ex
2328 3976 2681 4071 victoria,

503 4084 626 4189 qui
677 4084 1002 4159 maxima
1028 4108 1146 4157 ex
1173 4108 1264 4159 ea
1317 4084 1646 4160 incidens
1679 4094 1915 4184 parte,
1967 4080 2229 4156 deiecit
2266 4079 2341 4155 in
2386 4090 2683 4153 terram.
