3034 4900
561 373 659 446 20
1005 366 1559 446 CHRONICON
1612 367 2319 444 NOVALICIENSE.

803 648 1282 726 INCIPIUNT
1345 647 1810 725 CAPITULA
1875 647 2127 722 LIBRI
2194 648 2521 724 TERTII.

721 854 782 924 l.
838 851 944 922 De
1009 846 1329 944 quodam
1391 849 1546 917 viro
1597 848 2070 940 insiqnissimo
2123 852 2333 942 atque
2407 850 2744 943 precipuo

835 951 1116 1045 nomine
1168 943 1625 1042 Mayafredo.

714 1051 778 1122 2.
832 1049 938 1120 De
975 1047 1117 1136 filio
1151 1048 1298 1119 eius
1332 1047 1613 1143 nomine
1626 1043 2011 1143 Frodoino,
2041 1068 2247 1140 quem
2269 1069 2575 1139 puerum
2598 1047 2741 1118 Νο-

839 1147 1198 1220 valiciensi
1229 1146 1629 1218 monastico
1661 1143 1896 1217 ordini
1925 1144 2227 1217 tradidit
2262 1145 2741 1218 erudiendum.

714 1251 782 1324 3.
842 1246 1048 1338 Quod
1107 1245 1292 1318 idem
1339 1247 1607 1316 iuvenis
1660 1244 2040 1316 crescendo
2111 1244 2545 1318 obedientiae
2611 1246 2742 1318 sub

838 1346 1102 1418 abbate
1146 1344 1496 1440 pollebat,
1552 1349 1763 1438 atque
1811 1342 1897 1415 de
1949 1347 2203 1418 virtute
2253 1347 2326 1416 in
2376 1339 2762 1417 virtutibus¹

833 1467 1110 1537 semper
1154 1442 1594 1539 proficiebat.

711 1545 782 1616 4.
841 1542 1046 1630 Quod
1102 1548 1274 1636 post
1339 1541 1651 1615 eiusdem
1714 1545 2130 1615 monasterii
2183 1545 2422 1636 patris
2479 1541 2743 1614 obitum

834 1650 1274 1715 memoratus
1323 1640 1729 1715 Frodoinus
1790 1645 1863 1714 in
1927 1642 2085 1714 loco
2137 1644 2357 1736 ipsius
2406 1643 2498 1714 sit
2548 1640 2741 1713 ordi-

838 1747 1077 1814 natus.

711 1845 778 1916 5.
835 1840 1042 1930 Quod
1111 1864 1320 1912 nemo
1390 1840 1750 1914 hominum
1810 1848 2053 1937 potest
2099 1840 2526 1936 prudentiae
2592 1840 2743 1912 eius

715 2008 724 2021 ,
835 1943 1240 2014 sanctitatis
1284 1939 1584 2033 pleniter
1634 1963 2053 2013 ennarrare.

705 2026 778 2114 6.
837 2040 1044 2129 Quod
1091 2042 1240 2112 suis
1290 2039 1719 2131 temporibus
1766 2039 2038 2110 Karolo
2092 2040 2244 2132 reqi
2290 2037 2741 2112 Francorum

817 2140 1184 2212 Dominus
1227 2161 1362 2233 per
1413 2139 1747 2209 visionem
1797 2139 2211 2232 insinuavit,
2282 2143 2364 2209 ut
2428 2137 2529 2209 ad
2590 2137 2738 2210 Ita·

797 2239 1012 2312 ,liam
1061 2261 1238 2312 suae
1290 2238 1551 2312 dicioni
1596 2245 2027 2334 properaret
2072 2236 2622 2331 subiuyandam.

713 2339 780 2412 7.
842 2338 1050 2428 Quod
1103 2338 1391 2410 Gemino
1445 2345 1681 2412 monte
1736 2339 1857 2410 ubi
1898 2340 2213 2431 primum
2257 2337 2738 2431 pertransivit,

835 2441 910 2510 in
993 2434 1361 2605 Νὲυαίἰοίο
1443 2460 1615 2507 moa:
1696 2436 2116 2531 aliquandiu
2193 2458 2356 2509 cum
2434 2437 2740 2509 exercitu

835 2558 1048 2607 conse
1100 2536 1172 2606 it.

653 2650 658 2655 ’
709 2635 779 2710 8.
843 2636 972 2709 Ubi
1041 2657 1320 2707 omnem
1383 2640 1735 2726 sumptum
1796 2632 2315 2707 monachorum
2377 2635 2451 2704 in
2508 2634 2739 2705 cibum

836 2758 995 2808 cum
1047 2736 1196 2806 suis
1245 2735 1697 2827 consumpsit.

709 2836 778 2907 9.
832 2835 941 2907 De
977 2832 1346 2905 Desiderio
1391 2856 1556 2926 reqe
1584 2831 2259 2928 Lanyobardorum,
2314 2834 2432 2929 qui
2460 2854 2739 2905 omnem

841 2932 1115 3006 aditum
1166 2930 1424 3005 Italiae
1471 2930 1573 3002 illi
1615 2931 1991 3024 prohibere
2042 2933 2274 3005 voluit.

665 3034 779 3107 10.
833 3033 942 3105 De
991 3031 1384 3104 ioculatore
1419 3032 1540 3127 qui
1594 3031 1697 3103 ad
1744 3055 1904 3103 eum
1956 3031 2162 3124 venit,
2218 3039 2288 3102 et
2326 3035 2390 3103 ei
2428 3012 2620 3105 viam
2661 3056 2737 3105 se

835 3138 1285 3205 ostensurum
1346 3133 1498 3203 sine
1557 3132 1918 3203 iacturam
1968 3132 2387 3245 repromisit.

553 3288 596 3305 .,
665 3233 777 3305 11.
832 3232 941 3304 De
991 3236 1243 3304 sancto
1278 3230 1643 3303 Frodoino
1698 3232 1981 3324 abbate,
2034 3232 2153 3327 qui
2198 3229 2299 3302 ad
2348 3254 2507 3302 eum
2556 3232 2739 3305 duos

671 3370 677 3377 ·
835 3330 1230 3407 monachos
1257 3333 1465 3424 misit,
1517 3330 1883 3404 mandans
1921 3330 2043 3425 illi,
2097 3337 2174 3403 ut
2222 3333 2293 3402 in
2346 3355 2427 3403 cr
2430 3333 2734 3404 astinum

837 3439 1000 3506 ante
1048 3433 1561 3525 profectionem
1613 3456 1854 3503 escam
1906 3454 2162 3527 capere
2212 3430 2652 3525 diqnaretur.

661 3532 796 3607 12..
829 3533 935 3605 De
997 3531 1366 3607 miraculis
1433 3530 1744 3604 eiusdem
1794 3532 2179 3605 beatissimi
2224 3529 2599 3622 Frodoini,
2670 3536 2741 3601 et

721 3678 726 3681 -
829 3638 1178 3725 quantam
1251 3635 1324 3704 in
1401 3656 1561 3703 eum
1640 3654 1768 3703 rese
1844 3631 2415 3703 ammirationem
2489 3626 2735 3703 exinde

827 3728 1176 3801 habuerit.

661 3830 775 3905 13.
837 3826 966 3900 Ubi
1025 3826 1252 3899 multa
1315 3828 1506 3899 bona
1569 3853 1707 3924 pro
1779 3832 2279 3903 ammiratione
2331 3825 2734 3897 sanctitatis

827 3926 924 3998 ibi
970 3928 1216 4012 facere
1260 3926 1591 4019 predixit.

658 4029 773 4100 14.
833 4026 1040 4116 Quod
1078 4032 1252 4120 post
1298 4028 1735 4098 invasionem
1770 4028 2027 4101 Italiae
2072 4027 2324 4093 sancto
2378 4024 2531 4095 viro
2576 4046 2733 4095 cor-

829 4133 965 4200 tem
998 4126 1367 4223 quandam
1387 4128 1663 4223 reyiam
1680 4130 1960 4223 nomine
1982 4120 2391 4197 Gabianam
2410 4122 2730 4199 tradidit.
