3034 4900
1198 377 1678 450 APPENDIX.
2012 441 2019 450 ,
2436 379 2533 451 97

362 561 616 659 pondit
695 561 1040 660 episcopo
1131 571 1206 634 et
1269 561 1588 656 clericis,
1666 559 2007 635 fidelibus
2090 571 2163 634 et
2234 560 2529 634 famulis

364 663 551 742 inter
605 685 860 734 omnes
909 661 1283 758 quingenti
1337 661 1561 734 libras
1614 685 1748 759 pro
1797 660 2255 735 Bremetensi
2310 657 2526 732 abba-

362 763 480 833 tia.
587 762 748 849 Qua
797 774 1113 860 recepta,
1166 759 1354 857 tulit,
1406 762 1731 835 vendidit
1783 786 1913 859 pro
1948 759 2257 862 pecunia
2308 785 2526 857 quam

361 861 1074 959 promisitscruces,
1130 861 1416 957 caliceS‚
1471 887 1803 955 coronas,
1858 871 2055 936 texta
2106 860 2526 956 euangelio-

361 985 550 1056 rum,
594 960 879 1035 tabulas
917 960 1192 1056 altaris,
1247 961 1624 1057 turribula‚
1678 961 2018 1059 quicquid
2054 961 2147 1036 de
2180 962 2525 1034 thesauro

357 1061 636 1132 invenit
697 1106 793 1118 -——
872 1061 962 1134 de
1015 1085 1241 1160 pane,
1311 1061 1479 1133 vino
1546 1086 1907 1158 carneque
1977 1060 2527 1159 lingua‘dicere

361 1183 506 1233 non
560 1160 849 1234 sufficit.
971 1162 1280 1260 Insuper
1329 1162 1611 1258 coegit,
1678 1172 1757 1234 ut
1806 1164 2149 1235 monachi
2202 1163 2528 1234 iurarent

359 1259 498 1333 sibi
551 1259 1026 1357 fidelitatem,
1098 1262 1460 1359 quomodo
1539 1275 1613 1335 et
1678 1261 1841 1335 laici
1914 1263 2203 1336 faciunt.
2322 1261 2525 1334 Unus

359 1383 448 1431 ex
512 1360 911 1434 maioribus
979 1361 1246 1434 idcirco
1314 1362 1484 1460 quia
1551 1362 1999 1437 lamentatus
2064 1372 2181 1436 est
2242 1362 2524 1434 nunciis

359 1460 606 1539 domni
658 1461 1160 1560 imperatoris,
1227 1475 1483 1560 captus
1548 1473 1623 1534 et
1672 1462 1919 1562 posuit
1966 1463 2041 1536 in
2111 1480 2524 1555 carcerem3

357 1583 494 1633 nec
536 1560 702 1633 inde
757 1562 1067 1634 exeundi
1113 1562 1364 1636 habuit
1413 1563 1881 1658 facultatem,
1935 1562 2171 1636 donec
2210 1563 2526 1660 ipse-met
2603 1643 2609 1650 .

234 1688 244 1692 ·
356 1661 557 1733 dedit
607 1660 748 1734 sibi
798 1687 1026 1734 unum
1079 1685 1170 1733 ex
1220 1662 1561 1756 famuliS,
1632 1673 1707 1736 et
1758 1663 1931 1735 fecit
1982 1687 2117 1762 pro
2170 1663 2331 1761 ipso
2385 1661 2522 1735 sibi

355 1761 495 1859 ipsi
545 1760 789 1832 iurare
840 1759 1286 1836 fidelitatem.
1391 1761 1751 1859 Quicquid
1800 1761 1921 1834 hic
1974 1763 2329 1861 scriptum
2380 1773 2521 1856 est,

355 1860 417 1932 si
490 1860 648 1957 quis
714 1860 1028 1958 probare
1109 1861 1459 1957 voluerit,
1532 1860 1607 1934 in
1674 1862 1985 1935 veritate
2052 1861 2379 1960 comperi
2447 1870 2525 1933 et

353 1959 720 2132 lqeuoffiodo
765 1963 930 2092 plus
985 1961 1115 2056 sit3
1165 1962 1386 2034 nichil
1439 1962 1674 2039 deerit
1726 1962 2349 2062 quemadmodum
2402 1960 2522 2034 hic

375 2085 498 2156 -gl
607 2087 638 2133 ·.

505 2165 617 2236 10⁴.
684 2161 1088 2236 Fruebatur
1135 2155 1419 2235 interea
1461 2162 1651 2234 bona
1684 2161 1911 2258 ipsius
1950 2157 2311 2257 abbatiae,
2350 2185 2519 2232 cum
2638 2247 2641 2250 .
2700 2191 2703 2196 ·

299 2343 312 2354 ,
351 2261 506 2335 suis
549 2261 945 2334 comedens
976 2285 1060 2333 ac
1089 2261 1450 2334 distraens
1491 2261 1921 2357 cuicumque
1954 2269 2263 2356 poterat.
2332 2261 2520 2332 Nam

351 2360 424 2431 in
476 2363 842 2434 terrarum
893 2372 967 2433 et
999 2361 1458 2434 diversarum
1495 2383 1721 2459 opum
1767 2359 2247 2457 adquisitione
2284 2358 2517 2432 nullo-

351 2462 570 2534 modo
625 2460 984 2557 studebat‚
1037 2462 1480 2537 interdicens
1533 2462 1829 2557 nostris,
1882 2484 1977 2533 ne
2020 2460 2515 2557 adquirerent,

351 2584 438 2633 ex
505 2561 656 2635 suis
709 2556 955 2635 autem
1005 2572 1236 2635 totam
1293 2561 1625 2660 replebat
1672 2574 1979 2634 terram.
2086 2562 2261 2633 Erat
2320 2561 2518 2633 enim
2586 2600 2602 2629 a

348 2663 612 2759 plenus
649 2662 818 2737 dolo
859 2675 932 2736 et
961 2662 1465 2757 simulatione3
1528 2660 1929 2733 monachos
1956 2682 2135 2734 vero
2172 2659 2515 2733 sibisub-

348 2762 920 2835 iectos·omnino
967 2761 1419 2836 secularibus
1459 2761 1905 2859 hominibus⁷
1956 2760 2275 2833 maxime
2313 2773 2515 2833 mar-

349 2861 753 2959 chionibus,
806 2864 1000 2935 male
1054 2861 1506 2959 diffamabat,
1558 2886 1694 2935 ceu
1740 2874 1977 2935 semet
2026 2862 2355 2935 exaltans
2408 2860 2515 2935 uti

347 2962 660 3057 iustum3
743 2964 895 3037 suis
981 2984 1183 3037 vero·
1225 2961 1647 3037 criminibus
1724 2961 2069 3061 pessimis
2138 2973 2513 3060 tamquam

346 3062 726 3161 privignus
763 3064 957 3162 apud
994 3064 1366 3137 seculares
1399 3062 1850 3138 criminabat.
1937 3060 2204 3160 Sic-que
2238 3064 2512 3137 factum

349 3175 488 3256 est,
531 3164 706 3235 dum
755 3164 946 3237 filios
997 3166 1200 3237 velut
1265 3164 1701 3238 criminosos
1766 3163 2127 3255 denudat,
2196 3162 2511 3233 immita-

346 3274 466 3335 tus
494 3263 747 3356 Cham,
781 3264 903 3359 qui
935 3265 1258 3336 verenda
1287 3265 1514 3362 patris
1558 3288 1705 3335 non
1738 3261 2028 3359 operuit
2064 3260 2235 3357 quin
2268 3260 2510 3359 potius

347 3361 748 3435 deridendo
780 3362 1069 3453 detesit,
1099 3373 1180 3435 ut
1213 3363 1371 3459 ipse
1407 3363 1645 3458 magis
1678 3358 2153 3459 postmodum
2194 3360 2267 3451 in
2309 3360 2509 3432 dete-

347 3462 660 3535 rioribus
729 3474 802 3535 et
869 3462 1272 3535 cenulentis
1323 3461 1696 3535 laberetur
1747 3460 1976 3533 factis.
2082 3460 2264 3534 Cum
2331 3484 2509 3533 vero

345 3540 544 3635 Deus
595 3586 805 3635 suam
858 3563 1394 3660 contemplatus
1444 3574 1647 3636 esset
1696 3558 2243 3656 infidelitatem,
2297 3560 2508 3633 obce-

285 3663 537 3761 ‘cavit
605 3662 814 3735 illum
899 3674 978 3735 ut
1054 3663 1318 3759 dignus
1394 3666 1671 3757 fuerat,
1762 3662 2231 3758 traderetque
2297 3662 2507 3735 alteri

343 3766 534 3837 clam
564 3763 801 3861 ipsam
834 3762 1221 3837 abbatiam.
1303 3763 1511 3851 Quod
1552 3774 1625 3836 et
1659 3762 1855 3859 fecit,
1908 3784 2087 3857 ergo
2125 3781 2291 3833 cum
2342 3786 2506 3860 per-

345 3866 548 3939 iuriis
599 3873 676 3936 et
711 3863 1002 3936 inlicitis
1038 3864 1542 3957 sacramentis,
1596 3864 1752 3936 sine
1802 3864 2179 3961 voluntate
2232 3873 2305 3935 et
2335 3886 2507 3934 con-

349 3986 564 4037 sensu
619 3967 968 4061 fratrum,
1039 3963 1340 4063 cupiens
1391 3964 1652 4037 exinde
1704 3962 2060 4036 infinitam
2120 3962 2507 4059 pecuniam

351 4064 692 4161 accipere.
770 4066 980 4140 Unde
1015 4064 1382 4139 credimus
1413 4064 1653 4139 divino
1688 4064 1953 4137 iudicio
2004 4074 2273 4157 actum,
2310 4062 2507 4161 quod

1908 4201 1955 4273 7
