3034 4900
915 348 1196 426 LIBER
1247 351 1773 428 SECUNDUS.
1881 408 1889 418 .
2352 359 2447 430 17

359 535 550 608 Tunc
601 532 707 607 ad
767 533 1242 607 Waltharium
1293 535 1725 608 convertitur
1776 536 1967 606 actio
2019 535 2303 629 rerum,-

361 635 495 724 Qui
542 657 714 706 mox
761 634 1086 707 militiam
1115 636 1537 730 percensuit
1584 634 1833 706 ordine
1883 640 2135 730 totam,
2216 665 2221 670 ·

355 735 455 810 Et
499 733 926 808 bellatorum
975 737 1348 822 confortat
1386 734 1626 807 corda
1676 757 1993 808 suorum.
2112 793 2117 796 .

353 834 502 911 Nec
552 858 766 907 mora
776 890 799 930 7
853 838 1238 932 consuryit7
1295 837 1747 930 sequiturque
1798 837 2147 908 exercitus
2197 839 2443 910 omnis.

355 934 456 1006 Et
503 959 662 1008 ecce
713 933 948 1008 locum
965 939 1476 1052 conspexerat
1517 956 1805 1049 puqnae
1822 989 1845 1030 7

355 1035 456 1107 Et
499 1023 978 1132 numffleratam
1003 1057 1154 1128 per
1185 1034 1375 1106 latos
1426 1034 1653 1104 aciem
1702 1057 2040 1126 campos
2010 1089 2035 1127 7

355 1134 655 1230 Iamque
705 1154 1135 1228 conqressus
1182 1139 1473 1228 uterque
1523 1133 1723 1218 infra
1773 1133 1891 1226 teli
1937 1136 2207 1208 iactum

365 1235 800 1316 Constiterat
845 1256 1128 1306 cuneus.
1237 1233 1448 1307 Tunc·
1473 1234 1711 1328 utique
1762 1233 2045 1306 clamor
2080 1234 2185 1306 ad
2217 1257 2447 1308 auras

367 1332 704 1423 Tollitur7·
753 1332 1118 1406 horrenda
1169 1331 1542 1418 confundit
1591 1330 1903 1405 classica
1967 1357 2176 1428 voce,

365 1434 844 1528 Continuoque
891 1433 1148 1508 bastae
1195 1432 1499 1506 volitant
1533 1430 1711 1504 'hinc
1758 1431 2057 1528 indeque
2110 1434 2395 1508 densae.

357 1533 720 1606 Fraxinus
771 1538 842 1605 et
889 1557 1152 1606 cornus
1201 1533 1446 1606 ludum
1479 1532 1843 1608 ,miscebat
1880 1534 1955 1604 in
2004 1557 2247 1629 unum,

318 1668 322 1672 ·
361 1632 706 1706 Fulminis
754 1635 962 1730 inque
1013 1633 1306 1714 modum
1357 1632 1596 1726 cuspis
1646 1632 1935 1704 vibrata
1986 1634 2323 1706 micabat.

319 1731 766 1805 *Fulmineos
806 1739 1156 1826 promunt
1198 1733 1447 1830 henses
1497 1731 1893 1826 clipeosque
1945 1732 2331 1806 revolvunt.

365 1832 554 1904 Inde·
603 1834 970 1904 concurrit
1033 1835 1262 1926 acies7
1309 1839 1397 1903 et
1439 1830 1901 1924 postmodum
1961 1855 2290 1926 puqnam
2343 1857 2452 1909 re

1363 1935 1737 2025 staurant7

363 2031 604 2127 Ibique
663 2039 968 2127 pectora
1023 2053 1402 2132 equorum
1397 2031 1691 2124 partim
1740 2036 2171 2126 rumpuntur
2212 2007 2455 2127 pecto-

1367 2130 1589 2225 ribus7

369 2231 800 2305 Sternuntur
830 2237 901 2303 et
931 2229 1291 2343 quasdam
1311 2235 1567 2322 partes
1582 2231 1903 2302 virorum
1928 2231 2113 2302 duro
2133 2233 2453 2330 umbone.

381 2330 820 2403 Waltlzarius
871 2334 1114 2400 tamen
1163 2329 1236 2400 in
1285 2326 1519 2398 medio
1568 2328 1751 2413 furit
1799 2331 2081 2424 aymine
2134 2330 2337 2424 bello,

375 2429 602 2503 Obvia
653 2452 975 2526 quaeque
1023 2433 1314 2503 metens
1343 2428 1569 2500 armis
1584 2484 1607 2523 7
1654 2427 1805 2521 [zac
1854 2429 2067 2505 limite
2110 2454 2436 2526 peryens.

367 2525 582 2603 Hunc
631 2530 752 2602 ubi
801 2531 1244 2627 conspiciunt
1290 2527 1529 2601 hostes
1578 2533 1827 2601 tantas
1876 2530 2060 2602 dare
2106 2536 2415 2626 straqes7

367 2629 536 2705 Acsi
577 2637 976 2725 presentem
1025 2627 1438 2700 metuebant
1482 2648 1777 2699 cernere
1819 2621 2167 2709 morte-m·
2138 2684 2161 2721 7

371 2732 470 2801 Et
514 2750 1018 2825 quemcumque
1065 2727 1303 2799 locum
1353 2748 1478 2825 seu
1522 2726 1851 2799 dextram
1902 2730 2050 2827 sive>
2092 2731 2462 2803 sinistram

385 2829 824 2902 Waltharius
865 2833 1164 2927 peteret,
1217 2830 1453 2899 cuncti
1499 2850 1669 2899 mox
1718 2834 1925 2923 terqa
1976 2828 2375 2917 dederunt..

277 2931 587 3026 Cumque
639 2953 725 3002 esc
774 2929 1072 3002 victoria
1125 2930 1456 3012 coronati
1520 2926 1733 2999 lauro
1799 2910 2237 3014 Waltharius
2299 2953 2464 3003 cum

273 3032 506 3103 Hunis
574 3036 1042 3106 reverteretur
1057 3084 1080 3124 7
1149 3052 1322 3101 mox
1375 3027 1691 3122 palatini
1757 3030 2062 3102 ministri
2118 3031 2314 3103 arcis

288 3166 290 3168 >
371 3132 606 3225 Ipsius
656 3129 828 3204 laeti
875 3134 1364 3222 occurrerunt,
1417 3129 1851 3225 equitemque
1902 3130 2269 3223 tenebant,

375 3232 623 3303 Donec
675 3233 782 3302 vir
829 3229 1110 3301 inclitus
1163 3252 1250 3301 ex
1303 3227 1458 3301 alta
1512 3228 2031 3301 descenderent.
2062 3229 2261 3300 sella.

381 3330 649 3424 Quique
703 3329 984 3401 demum
1032 3330 1220 3415 forte
1269 3330 1647 3423 requirunt-
1674 3330 1737 3399 si
1778 3328 1951 3400 bene
1996 3333 2109 3398 res
2145 3322 2465 3419 veryant.

383 3429 521 3515 Qui
565 3427 924 3499 modicum
974 3427 1112 3499 illis
1161 3450 1485 3501 narrans
1539 3430 1947 3499 intraverat
1996 3426 2263 3498 aulam.

379 3526 576 3598 Erat
619 3530 804 3599 enim
855 3526 1115 3620 oppido
1168 3528 1442 3620 lassus,
1512 3529 1835 3621 reqisque
1898 3525 2119 3597 cubile
2165 3522 2469 3619 petebat.

379 3625 667 3721 Illicque
715 3630 790 3698 in
851 3629 1178 3721 inyressu
1224 3625 1662 3794 Hilqutgdem
1727 3624 1963 3696 solam
2016 3624 2329 3711 offendit·
2363 3648 2471 3697 re-

1385 3748 1450 3795 si
1503 3729 1771 3795 entem·

303 3836 324 3861 ⁸
383 3828 513 3902 Cui
541 3830 712 3923 post
738 3823 1126 3897 amabilem
1155 3822 1670 3997 amplefflionem
1712 3776 1923 3919 aitque
1956 3824 2199 3897 dulcia
2225 3824 2475 3897 oscula

1439 3925 1609 3996 ixit·

379 4026 658 4120 „Ocius
705 4026 846 4100 huc
889 4030 1143 4121 potum
1191 4024 1380 4109 ferto
1395 4080 1416 4120 7
1483 4026 1655 4120 quia
1705 4026 1941 4111 fessus
1994 4022 2273 4097 anhelo.
2282 4024 2363 4063 “

385 4125 524 4198 Illa
575 4151 772 4202 mero
825 4126 1080 4201 tallum
1133 4123 1508 4220 complevit
1568 4148 1739 4197 mox
1784 4120 2199 4219 pretiosum7

1865 4246 1914 4317 2
