3034 4900
721 377 1262 452 CHRONICON
1315 376 2007 451 NovALchENSE.
2090 339 2102 358 '
2368 381 2447 436 1x

303 563 643 656 expressit
691 561 1110 635 Coelestinus
1163 560 1221 632 C
1233 585 1274 634 o
1291 585 1360 632 m
1382 561 1422 631 b
1442 585 1477 632 e
1496 567 1622 632 ttu
1636 585 1673 632 s
1725 559 2113 632 chronicon
2159 561 2445 634 Novali÷

190 719 196 724 .
253 663 585 756 ·ciense,
657 662 950 734 Taurini
1006 661 1218 736 1843.
1286 661 1394 733 8νο
1465 667 1532 732 et
1596 662 1669 732 in
1738 660 2099 733 Historiae
2164 660 2447 733 Patriae

301 761 771 834 Monumentis
834 758 896 833 V.
1028 761 1281 833 Editor
1339 761 1450 832 liic
1512 761 1651 833 illic
1718 761 1993 856 quidem
2054 782 2446 833 sermonem

302 862 694 934 barbarum
747 862 832 934 de
881 884 1010 933 suo
1063 860 1475 954 emendavit,
1528 863 1833 932 maxime
1883 861 2011 933 sub
2042 862 2331 956 initium,
2384 870 2452 933 et
2502 943 2511 953 ⁶

303 965 722 1034 correctoris
782 961 964 1034 illius
1027 961 1112 1032 de
1179 983 1316 1055 quo
1378 983 1604 1053 supra
1670 960 1814 1030 dimi
1879 961 2448 1054 interpolationes

301 1062 522 1134 ubivis
572 1064 864 1154 recepit,-
916 1059 1042 1130 sed
1093 1059 1200 1130 vel
1247 1061 1347 1130 sic
1397 1058 1572 1131 haec
1624 1059 1831 1131 editio
1883 1063 2189 1152 omnium
2244 1061 2448 1157 lonqe

295 1163 919 1255 praestantissima
986 1163 1091 1229 est
1151 1157 1498 1231 habenda.
1630 1159 1907 1232 Primus
1982 1163 2161 1232 enim
2238 1164 2446 1256 siyna

302 1260 424 1332 illa
489 1260 820 1332 indicavit
886 1259 1318 1353 Combettus,
1404 1283 1440 1330 e
1516 1259 1764 1354 quibus
1835 1265 2175 1332 naturam
2239 1269 2445 1357 atque

304 1362 642 1455 oriyinem
693 1359 1100 1454 appendicis.
1147 1359 1499 1453 discimus,
1554 1364 1762 1454 atque
1811 1359 2091 1454 sinyula
2142 1361 2447 1435 eiusdem

300 1463 542 1555 capita
589 1460 685 1531 ibi
731 1463 1040 1554 inseruit,
1093 1460 1212 1531 ubi
1260 1461 1489 1554 siyna,
1546 1466 1615 1531 et
1658 1462 1721 1532 si
1759 1459 1934 1532 haec
1966 1461 2277 1557 deerant,
2328 1464 2448 1534 ubi

299 1585 545 1653 sensus
591 1561 827 1634 iubere
877 1560 1263 1632 videbatur.
1377 1560 1677 1632 Inseruit
1721 1568 2096 1654 praeterea
2148 1565 2294 1634 suis
2340 1563 2443 1635 lo-

301 1663 398 1732 cis
449 1667 780 1754 eoecerpta
830 1683 970 1732 non
1021 1659 1248 1732 solum
1299 1658 1713 1754 Duchesnii,
1784 1661 1911 1732 sed
1971 1668 2041 1733 et
2102 1685 2283 1756 quae
2332 1663 2443 1734 hic

295 1763 524 1854 primo
577 1761 797 1832 lucem
851 1759 1172 1831 viderunt
1212 1759 1642 1832 Baldessani
1692 1784 1775 1831 ea:
1826 1762 2244 1855 apoqraplio
2285 1763 2441 1838 Ter-

300 1863 523 1956 ranei,
576 1867 646 1932 et
689 1860 1008 1954 Pinyonii
1059 1883 1144 1930 ecc
1195 1858 1679 1953 autoyraplio,
1730 1861 1834 1930 ita
1886 1866 1966 1931 ut
2009 1861 2182 1933 haec
2235 1863 2441 1934 editio

297 1983 439 2033 non
501 1960 728 2035 solum
795 1961 1204 2032 accuratior
1261 1959 1655 2054 prioribus,
1724 1958 1851 2031 sed
1898 1966 1967 2031 et
2011 1960 2226 2033 multo
2268 1986 2441 2055 pro-

299 2060 507 2132 dierit
551 2063 848 2133 auctior.
1588 2126 1593 2135 .
1721 2066 1728 2074 ’

441 2161 554 2232 Em
601 2161 846 2233 eodem
895 2159 1132 2233 codice
1195 2182 1328 2230 nos
1376 2184 1644 2256 quoque
1695 2161 2071 2234 chronicon
2122 2162 2230 2234 hic
2255 2185 2441 2255 *pro-

291 2263 639 2353 ponimus.
747 2259 943 2346 Quae
992 2266 1352 2330 corrector
1402 2259 1486 2330 de
1537 2283 1666 2331 suo
1704 2261 1799 2330 ibi
1829 2264 2146 2356 mutavit,
2200 2286 2443 2335 eorum

295 2355 437 2429 no'n
489 2358 861 2429 habuimus
909 2358 1252 2428 rationem
1270 2385 1299 2450 ,-
1356 2358 1626 2455 reliqua
1676 2359 1994 2455 reliyiose
2042 2364 2442 2436 notavimus

297 2460 558 2532 omnia.
659 2458 743 2531 In
795 2458 1198 2553 appendice·
1226 2459 1535 2532 codicem
1588 2460 1689 2533 ad
1717 2460 2020 2533 litteram
2058 2465 2443 2557 exprimere

293 2560 710 2654 maluimus,
787 2583 1003 2655 quam
1050 2560 1340 2658 sinyula
1378 2560 1955 2654 praecedentibus
2019 2563 2214 2635 libris
2260 2566 2437 2637 inse-

295 2684 450 2732 rere
458 2689 487 2753 ,-
538 2677 710 2732 nam
753 2666 1044 2754 praeter
1091 2658 1283 2754 quod
1329 2662 1402 2731 in
1445 2659 1699 2755 multis,
1750 2662 1961 2734 immo
1998 2665 2071 2734 in
2091 2664 2437 2759 plurimis,

293 2763 501 2855 siyna
559 2761 828 2855 desunt,
883 2760 1062 2831 adeo
1102 2766 1182 2831 ut
1205 2760 1381 2832 haec
1420 2767 1547 2832 aut
1591 2761 1691 2833 ad
1723 2760 1989 2835 libitum
2030 2763 2438 2839 distribuere

294 2862 733 2959 oportuisset,
791 2866 920 2931 aut
964 2860 1073 2931 vel
1119 2884 1205 2932 esc
1245 2862 1330 2933 iis
1362 2862 1816 2956 appendicem
1848 2866 2132 2949 facere:
2183 2868 2287 2937 ita
2318 2865 2434 2939 de-

291 2984 482 3032 mum
553 2960 953 3055 apparebit,
1027 2960 1379 3056 quomodo
1450 2961 1627 3034 haec
1698 2963 1994 3062 collecta
2050 2968 2315 3052 fuerint
2371 2974 2443 3040 et

293 3062 578 3134 condita
630 3061 722 3132 ab
777 3068 1102 3155 auctore,
1155 3085 1338 3157 quae
1389 3084 1633 3134 eorum
1682 3066 1921 3159 oripo,
1990 3090 2171 3161 quae
2221 3070 2432 3162 ratiO,

291 3186 475 3256 quae
537 3162 828 3259 denique
886 3164 1128 3248 forma
1197 3162 1477 3235 codicis.
1594 3163 1913 3237 Eandem
1979 3167 2067 3238 ob
2136 3191 2433 3240 causam

291 3261 611 3334 ordinem
659 3285 930 3358 quoque
977 3262 1282 3335 indicum
1332 3265 1671 3335 intactum
1717 3264 2136 3359 reliquimus,
2188 3291 2434 3362 quam-

289 3363 394 3433 vis
462 3362 553 3433 ab
621 3362 866 3434 ordine
932 3366 1240 3456 capitum
1303 3366 1590 3457 saepius
1660 3365 1963 3438 recedat.
2078 3366 2433 3459 Eoecerpta

289 3459 666 3533 Duchesnii
715 3486 800 3533 ex
849 3465 1066 3555 ipsius
1115 3460 1292 3534 libro
1347 3464 1684 3557 dedimus,
1734 3464 2056 3557 Pinyonii
2098 3488 2183 3536 ex
2230 3465 2435 3540 huius

293 3561 739 3654 autographo
760 3618 778 3653 ,
853 3562 1281 3657 Baldessani
1329 3588 1415 3635 ecc
1465 3562 1899 3656 apoyraphis
1949 3563 2221 3639 duobus
2275 3566 2430 3639 Ter-

291 3662 498 3732 ranei
549 3668 756 3755 atque
804 3662 909 3733 De
959 3663 1197 3734 Lewis.
2098 3710 2103 3715 -

997 3968 1711 3981 *mn—Q—
