3034 4900
1061 277 1337 352 LIBER
1409 277 1845 367 QUINTUS.
2456 269 2552 354 71

362 459 594 556 pedes
687 458 1062 554 incidunt,
1165 459 1539 532 nonnullis
1617 457 2083 555 squaloribus
2171 483 2554 556 carcerum

363 559 785 657 dampnant.
905 557 1351 655 Conquestio
1417 558 1720 630 illorum
1788 557 1881 629 ad
1950 557 2160 647 aulas
2213 561 2553 657 pervenit

365 657 601 753 regis;
673 658 795 754 qui
869 659 1351 731 vehementer
1425 668 1883 752 commotus,
1952 657 2322 732 minitavit
2372 661 2546 757 illis,

361 756 512 829 iam
563 759 755 830 ultra
807 782 952 830 non
1006 769 1258 830 essent
1311 757 1744 854 possessuri·
1788 766 2068 828 terram
2120 755 2347 830 illam.

511 858 630 929 16.
681 857 844 930 Hos
903 857 1221 953 denique
1285 856 1508 928 timor
1573 855 1841 928 invasit
1902 856 2255 950 inmanis3
2322 867 2397 930 et
2461 857 2548 929 ti-

361 966 654 1028 mentes
717 957 957 1028 minas
1023 955 1263 1050 illiue,
1330 978 1371 1026 a
1433 954 1734 1052 proprio
1800 954 2035 1028 limite
2100 953 2546 1030 subtrahunt

360 1054 612 1150 pedes,
715 1053 1338 1150 Fugientibusque
1393 1053 1583 1148 illis,
1636 1053 1930 1150 quidam
1989 1053 2295 1128 illustris
2348 1078 2543 1126 mar-

361 1151 527 1224 chio
583 1153 882 1225 nomine
930 1152 1276 1226 Albertus
1328 1153 1466 1226 hos
1520 1152 1953 1249 insequitur,
2008 1164 2086 1225 et
2119 1153 2322 1227 dedit
2371 1175 2542 1251 pec·-

361 1250 577 1322 cunia
645 1262 717 1324 et
784 1252 964 1324 emit
1031 1253 1278 1324 locum
1326 1251 1537 1323 illum
1590 1251 2007 1345 mediatim3
2080 1253 2312 1324 altera
2363 1275 2541 1325 vero

361 1373 534 1447 pars
584 1349 799 1423 Aimo
851 1349 990 1424 sibi
1045 1351 1385 1424 vindicat.
1463 1350 1593 1423 His
1646 1362 2027 1448 respectus
2081 1350 2329 1424 divino
2382 1375 2541 1424 mo·

359 1448 740 1523 deramine
773 1462 1028 1528 sancto
1065 1451 1284 1524 Petro
1331 1451 1674 1545 contulit3
1726 1474 1817 1523 eo
1870 1447 2066 1546 quod
2114 1475 2264 1522 non
2315 1450 2543 1524 habe·

357 1559 474 1622 ret
521 1549 875 1644 heredes,
929 1562 1261 1623 sanctum
1315 1548 1454 1642 sibi
1507 1551 1809 1623 Petrum
1862 1549 2037 1621 fecit
2086 1549 2466 1626 heredem.

509 1651 625 1720 17.
691 1649 1029 1720 Monachi
1094 1647 1408 1743 denique
1471 1647 2136 1740 Novaliciensium‚
2205 1649 2541 1721 videntes

358 1746 604 1817 locum
669 1758 924 1842 aptum
987 1757 1059 1819 et
1110 1769 1510 1818 amoenum
1561 1758 1634 1819 et
1686 1747 2147 1818 fructiferum
2200 1746 2540 1819 omnibus

359 1867 549 1940 quae
619 1843 871 1917 mandi
937 1855 1288 1942 possunt,
1376 1853 1533 1916 tam
1607 1844 1681 1916 in
1752 1841 2251 1940 leguminibus
2318 1867 2541 1940 quam

357 1943 431 2015 in
504 1942 862 2042 piscibus,
929 1944 1069 2017 sibi
1135 1945 1346 2018 illum
1417 1953 1774 2042 expetunt
1837 1945 1915 2016 in
1966 1956 2223 2041 caput,
2300 1955 2376 2015 et
2442 1943 2536 2015 ob

356 2041 432 2115 id
486 2043 679 2141 quod
706 2043 1087 2142 popularis
1127 2056 1328 2119 esset
1379 2056 1454 2120 et
1505 2044 1828 2141 undique
1870 2054 2127 2141 septus
2178 2058 2539 2139 aquarum

354 2143 606 2241 copiis.
701 2145 843 2232 Qui
895 2168 1249 2239 magnum
1299 2144 1805 2239 spectaculum
1856 2154 2141 2239 prestat
2194 2141 2535 2216 omnibus

355 2265 590 2338 usque
655 2241 731 2312 in
802 2254 1228 2338 presentem
1295 2242 1539 2336 diem3
1626 2240 2105 2313 excellentior
2170 2264 2349 2312 vero
2421 2253 2537 2315 est

357 2340 636 2412 cunctis
699 2340 990 2439 oppidis
1059 2339 1452 2414 constructi
1516 2340 1590 2411 in
1657 2339 2007 2412 comitatu
2057 2338 2533 2434 Lomellensi,

355 2452 432 2513 et
495 2439 784 2513 medius
839 2434 1118 2515 cunctis
1143 2439 1627 2533 civitatibus,
1700 2452 1775 2515 et
1824 2438 2106 2513 vicinus
2158 2436 2535 2536 regalibus

355 2538 692 2635 sedibus,
749 2550 824 2611 et
863 2566 996 2637 pro
1040 2539 1440 2612 afflictione
1474 2538 1975 2610 harbarorum.
2042 2540 2250 2610 Nunc
2284 2550 2535 2611 autem

353 2640 446 2711 ad
499 2639 1094 2737 persecutionem
1146 2662 1606 2735 paganorum
1658 2648 2033 2710 vertamus
2086 2637 2358 2709 stilum.

507 2740 620 2813 18.
691 2739 934 2812 Pietas
1002 2738 1348 2810 videlicet
1413 2738 1659 2809 divina
1732 2761 1919 2834 quae
1972 2760 2120 2809 non
2172 2736 2344 2809 sinit
2394 2757 2531 2807 nos

351 2846 719 2936 temptare
771 2862 994 2936 supra
1061 2837 1135 2909 id
1187 2837 1381 2935 quod
1445 2860 1881 2935 possumus»,
1940 2835 2073 2909 sed
2127 2835 2301 2909 facit
2351 2859 2531 2931 quo-

353 2961 494 3034 que
547 2962 714 3010 cum
768 2937 1254 3035 temptatione
1305 2948 1791 3035 proventum,
1852 2947 1930 3008 ut
1981 2934 2355 3032 possimus
2409 2958 2529 3007 su<-

349 3038 648 3111 stinere.
750 3036 1034 3111 Eodem
1077 3048 1443 3135 tempore,
1497 3061 1642 3133 quo
1698 3036 1883 3109 fusci
1937 3034 2416 3130 morabantur
2452 3034 2529 3103 in

349 3146 590 3209 castro
641 3137 1232 3231 Frascenedello.,
1283 3146 1360 3207 et
1411 3136 1733 3231 undique
1776 3132 2200 3207 diffluentes.
2237 3157 2372 3229 per
2402 3132 2526 3201 cli-

347 3245 548 3307 mata
613 3236 864 3306 mundi
931 3236 1202 3308 tollunt
1269 3245 1346 3307 et
1412 3234 1817 3330 predantur
1869 3233 2156 3323 omnia,
2227 3228 2528 3325 quidam

348 3355 609 3404 eorum
663 3332 799 3406 fuit
849 3334 1146 3405 nomine
1198 3333 1458 3425 Aimo7
1526 3340 1922 3403 coetaneus
1967 3330 2286 3401 illorum.
2392 3324 2531 3399 Hic

348 3454 516 3503 cum
582 3430 696 3504 his
763 3431 914 3504 exit
973 3431 1360 3503 devastare
1427 3442 1708 3503 terram
1773 3429 2015 3523 illam7
2092 3436 2167 3499 et
2232 3424 2528 3522 rapiunt

345 3553 606 3601 aurum
684 3541 758 3603 et
832 3554 1058 3627 equas
1139 3540 1215 3603 et
1289 3529 1603 3603 bubulas
1681 3528 2119 3623 diversaque
2194 3523 2521 3621 monilia,

343 3630 776 3728 puellasque
829 3642 901 3703 et
954 3629 1322 3728 parvulos,
1423 3630 1731 3701 Factum
1784 3639 1940 3724 est,
1994 3638 2075 3699 ut
2126 3624 2523 3700 sortiaren·

340 3742 464 3804 tur
503 3752 792 3827 queque
828 3740 1330 3827 captaverant,
1385 3740 1460 3801 et
1496 3726 1766 3799 mulier
1818 3726 2179 3824 quaedam
2214 3724 2523 3824 pulchra

342 3829 563 3903 nimis
615 3828 922 3903 sortitur
985 3830 1058 3900 in
1119 3826 1456 3925 portione
1507 3827 1859 3901 Aimonis.
1975 3827 2080 3898 Ex
2133 3848 2220 3897 ea
2274 3834 2523 3897 autem

344 3930 720 4003 altercatio
759 3928 841 4002 fit
894 3928 1083 4002 inter
1121 3938 1519 4024 utrosque3
1570 3928 1775 4000 venit
1818 3926 2116 4024 quidam
2155 3922 2523 4022 potentior

344 4025 509 4123 illo,
578 4028 889 4102 subtrait
955 4028 1101 4123 illi3
1181 4029 1342 4125 ipse
1412 4039 1661 4101 autem
1732 4027 2176 4099 tumefactus
2257 4020 2525 4095 mansit
