3034 4900
533 399 633 477 62

985 372 1535 465 CHRONICON
1592 385 2293 461 NOVALICIENSE.
2376 427 2381 432 ·

683 577 790 649 De
843 573 985 648 alio
1037 574 1291 644 sancto
1344 570 1519 644 viro.

685 677 794 749 De
856 671 1146 747 Widone
1200 671 1529 763 episcopo
1579 667 1900 740 Albensis
1961 667 2315 742 ecclesiae.

683 776 790 848 De
836 773 1080 848 Odone
1128 769 1566 863 marchione,
1620 769 1739 864 qui
1788 766 1983 840 dedit
2025 774 2278 840 sancto
2309 766 2520 840 Petro
2555 765 2716 839 Pol·

888 873 1178 946 lentiam
1230 892 1388 941 cum
1441 867 1603 940 aliis
1654 869 1874 940 cortis
1923 870 2091 940 suis.
2386 932 2390 938 .

683 976 792 1048 De
843 971 1162 1071 quodam
1211 971 1365 1042 viro
1419 967 1907 1041 circumdatus
1954 969 2191 1062 ferro,
2230 989 2435 1064 quem
2488 965 2719 1040 abbas

885 1074 1070 1146 Gezo
1123 1069 1446 1143 absolvit.

685 1176 793 1248 De
843 1178 1070 1247 morte
1135 1170 1448 1244 Widom‘s
1497 1165 1970 1260 marchionis,
2024 1187 2241 1262 quam
2294 1165 2541 1238 beatus
2589 1163 2722 1236 Pe-·

883 1277 1040 1346 trus
1089 1270 1190 1344 illi
1237 1269 1641 1342 insinuavit.

685 1375 794 1450 De
843 1375 1076 1446 Leone
1127 1371 1457 1464 episcopo
1522 1366 1946 1442 Vercellensi.

631 1539 636 1546 .
686 1475 793 1548 De
831 1471 1102 1546 sanctis
1133 1469 1472 1544 silvestro
1511 1475 1723 1563 atque
1752 1467 2220 1541 Frontiniano
2256 1463 2715 1556 martyribus,

885 1595 1065 1670 quos
1125 1573 1274 1664 ipse
1327 1569 1510 1642 Gezo
1586 1566 1679 1640 ab
1730 1565 1913 1640 Alba
1966 1565 2169 1640 duait
2216 1565 2513 1636 civitate.

689 1675 796 1747 De
846 1672 1116 1746 sanctis
1165 1667 1307 1742 Aso
1378 1675 1448 1740 et
1489 1666 1843 1762 Esayicla
1910 1663 2367 1758 martyribus.

685 1776 792 1848 De
842 1778 1094 1846 sancto
1159 1770 1475 1843 Valerico
1532 1767 1793 1840 abbate
1844 1771 1909 1837 et
1964 1767 2439 1850 confessore.-

686 1876 794 1948 De
827 1872 1142 1970 quodam
1170 1871 1450 1944 homine
1499 1869 1911 1962 impiissimo
1962 1861 2243 1938 nomine
2278 1863 2713 1941 Gontramw.

686 1976 794 2048 De
850 1975 1121 2047 Gezone
1176 1971 1475 2062 abbate,
1546 1967 1887 2040 domnum
1954 1962 2411 2048 Gotefredum
2472 1960 2717 2034 subtus

883 2098 960 2146 se
1012 2070 1387 2144 ordinavit.

691 2173 898 2263 Quod
961 2175 1110 2267 ipse
1175 2170 1385 2244 valde
1446 2168 1699 2239 timens
1750 2163 2135 2237 Dominum
2183 2158 2448 2253 fuerit]

686 2274 792 2346 De
827 2273 1143 2372 quodam
1177 2267 1557 2361 monacha,
1598 2267 1717 2362 qui
1748 2266 1810 2336 ei
1839 2287 1987 2335 una
2022 2261 2133 2335 die
2168 2261 2469 2356 alapam
2506 2255 2713 2330 dedit.

683 2374 792 2447 De
845 2375 986 2447 alio
1021 2371 1406 2444 .monacho
1461 2367 1757 2440 Stabilis
1816 2366 2116 2459 nom-ine.

686 2476 794 2548 De
847 2474 1106 2547 abbate
1139 2468 1547 2559 GotefredO,
1604 2469 1723 2561 qui
1750 2465 1957 2559 lonye
1982 2470 2153 2556 post
2181 2469 2479 2535 mortem
2508 2481 2719 2532 suam

888 2571 1182 2647 cuidam
1225 2570 1447 2657 fratri
1493 2566 1791 2661 fuyienti
1842 2588 1937 2658 ap
1990 2565 2202 2637 aruit.

606 2760 608 2762 ,
685 2678 793 2752 De
843 2676 1122 2750 latrone
1185 2674 1310 2770 qui
1369 2672 1444 2743 in
1495 2669 1650 2741 vico
1702 2665 1911 2739 Nova
1936 2666 2216 2737 iciensis
2283 2664 2553 2749 furtum
2603 2659 2718 2744 fa-

879 2776 1125 2849 ciebat.
1197 2840 1204 2845 .

567 2918 574 2927 —
686 2877 792 2949 De
842 2876 1010 2971 lupo
1044 2875 1163 2971 qui
1211 2895 1316 2943 ex.
1351 2870 1651 2942 eandem
1702 2866 1943 2940 villam
1979 2885 2277 2959 puerum
2326 2810 2729 2954 departavit

891 2978 964 3047 et
1008 2974 1289 3045 minime
1348 2968 1671 3041 comedit.

687 3073 794 3147 De
843 3075 1144 3147 vacario
1197 3067 1506 3141 eiusdem
1540 3064 1949 3155 aecclesiae,
2003 3058 2303 3156 qualiter
2344 3079 2503 3129 eum
2555 3053 2721 3126 bea-

763 3253 769 3259 ,
885 3181 1000 3247 tus
1048 3173 1300 3246 Petrus
1362 3167 1689 3239 liberavit
1736 3188 1785 3235 a
1834 3167 2171 3255 serpente.
2296 3222 2303 3227 .

689 3277 798 3351 De
863 3275 1056 3348 luctu
1123 3277 1194 3345 et
1230 3269 1529 3367 planctu
1584 3267 1983 3342 demonum.

691 3377 799 3450 De
853 3374 1176 3468 diabolo,
1243 3371 1486 3469 qui-in
1537 3364 2059 3440 similitudinem
2110 3358 2530 3435 ioculatoris
2580 3358 2723 3429 cui-

893 3476 1066 3549 dam
1115 3473 1336 3561 fratri
1387 3470 1749 3564 appar-uit.
1817 3532 1825 3537 .
2324 3471 2332 3479 ’

691 3578 798 3654 De
849 3575 1167 3673 quodam
1213 3575 1467 3645 sancto
1481 3625 1504 3661 ,
1556 3570 1681 3663 qui
1714 3570 1788 3639 in
1838 3560 2361 3638 similitudinem
2404 3560 2726 3654 pastoris

889 3676 1201 3790 ferulam
1252 3668 1793 3785 yestabat·,··-qui
1842 3664 1940 3736 ibi
1986 3660 2277 3735 cuidam
2326 3660 2547 3747 fratri
2596 3678 2720 3747 ap-

692 3877 800 3965 De
847 3780 1342 3949 nZZZ-lignario
1399 3826 1711 3943 eiusdem
1776 3862 2185 3939 aecclesiae.

741 3991 1300 4071 EXPLICIUNT
1356 3984 1817 4063 CAPITULA
1874 3971 2519 4064 LIBR1'‘QU1NT1.
