<?xml version="1.0" encoding="UTF-8"?>
<!DOCTYPE html PUBLIC "-//W3C//DTD XHTML 1.0 Transitional//EN"
    "http://www.w3.org/TR/xhtml1/DTD/xhtml1-transitional.dtd">
<html xmlns="http://www.w3.org/1999/xhtml" xml:lang="en" lang="en">
 <head>
  <title>
</title>
<meta http-equiv="Content-Type" content="text/html;charset=utf-8" />
  <meta name='ocr-system' content='tesseract 3.04.00' />
  <meta name='ocr-capabilities' content='ocr_page ocr_carea ocr_par ocr_line ocrx_word'/>
</head>
<body>
  <div class='ocr_page' id='page_1' title='image "./chroniconnovali00unkngoog_0053.png"; bbox 0 0 3034 4900; ppageno 0'>
   <div class='ocr_carea' id='block_1_1' title="bbox 1057 302 2549 387">
    <p class='ocr_par' dir='ltr' id='par_1_1' title="bbox 1057 302 2549 387">
     <span class='ocr_line' id='line_1_1' title="bbox 1057 302 2549 387; baseline 0.007 -13"><span class='ocrx_word' id='word_1_1' title='bbox 1057 303 1332 378; x_wconf 83' lang='lat' dir='ltr'>LIBER</span> <span class='ocrx_word' id='word_1_2' title='bbox 1386 302 1805 378; x_wconf 84' lang='lat' dir='ltr'><strong>TERTIUS.</strong></span> <span class='ocrx_word' id='word_1_3' title='bbox 2450 309 2549 387; x_wconf 84' lang='lat'>39</span> 
     </span>
    </p>
   </div>
   <div class='ocr_carea' id='block_1_2' title="bbox 305 479 2541 4161">
    <p class='ocr_par' dir='ltr' id='par_1_2' title="bbox 337 479 2541 1256">
     <span class='ocr_line' id='line_1_2' title="bbox 349 479 2540 583; baseline 0.002 -26"><span class='ocrx_word' id='word_1_4' title='bbox 349 479 596 557; x_wconf 82' lang='lat' dir='ltr'>abbati</span> <span class='ocrx_word' id='word_1_5' title='bbox 649 484 1139 559; x_wconf 88' lang='lat' dir='ltr'>Novaliciensi</span> <span class='ocrx_word' id='word_1_6' title='bbox 1192 484 1589 582; x_wconf 89' lang='lat' dir='ltr'>coenobio,</span> <span class='ocrx_word' id='word_1_7' title='bbox 1658 485 1779 583; x_wconf 91' lang='lat' dir='ltr'>qui</span> <span class='ocrx_word' id='word_1_8' title='bbox 1846 497 1920 560; x_wconf 93' lang='lat' dir='ltr'>et</span> <span class='ocrx_word' id='word_1_9' title='bbox 1973 485 2132 583; x_wconf 89' lang='lat' dir='ltr'>ipse</span> <span class='ocrx_word' id='word_1_10' title='bbox 2186 487 2333 560; x_wconf 88' lang='lat' dir='ltr'>illis</span> <span class='ocrx_word' id='word_1_11' title='bbox 2384 488 2540 563; x_wconf 88' lang='lat' dir='ltr'>die-</span> 
     </span>
     <span class='ocr_line' id='line_1_3' title="bbox 354 582 2541 681; baseline 0.004 -26"><span class='ocrx_word' id='word_1_12' title='bbox 354 583 494 657; x_wconf 89' lang='lat' dir='ltr'>bus</span> <span class='ocrx_word' id='word_1_13' title='bbox 532 582 874 657; x_wconf 88' lang='lat' dir='ltr'>maximis</span> <span class='ocrx_word' id='word_1_14' title='bbox 920 585 1251 681; x_wconf 81' lang='lat' dir='ltr'><strong>fulgebat</strong></span> <span class='ocrx_word' id='word_1_15' title='bbox 1301 587 1372 658; x_wconf 89' lang='lat' dir='ltr'>in</span> <span class='ocrx_word' id='word_1_16' title='bbox 1427 586 1705 658; x_wconf 90' lang='lat' dir='ltr'>mundo</span> <span class='ocrx_word' id='word_1_17' title='bbox 1744 586 2159 660; x_wconf 88' lang='lat' dir='ltr'>virtutibus.</span> <span class='ocrx_word' id='word_1_18' title='bbox 2234 587 2541 662; x_wconf 87' lang='lat' dir='ltr'>Putatur</span> 
     </span>
     <span class='ocr_line' id='line_1_4' title="bbox 347 684 2536 780; baseline 0.003 -24"><span class='ocrx_word' id='word_1_19' title='bbox 347 684 545 756; x_wconf 87' lang='lat' dir='ltr'>enim</span> <span class='ocrx_word' id='word_1_20' title='bbox 587 696 762 758; x_wconf 90' lang='lat' dir='ltr'>tunc</span> <span class='ocrx_word' id='word_1_21' title='bbox 824 695 1034 780; x_wconf 84' lang='lat' dir='ltr'>pater</span> <span class='ocrx_word' id='word_1_22' title='bbox 1086 687 1416 760; x_wconf 89' lang='lat' dir='ltr'>eiusdem</span> <span class='ocrx_word' id='word_1_23' title='bbox 1449 684 1901 761; x_wconf 79' lang='lat' dir='ltr'>&#39;monasterii</span> <span class='ocrx_word' id='word_1_24' title='bbox 1956 686 2186 759; x_wconf 85' lang='lat' dir='ltr'>fuisse</span> <span class='ocrx_word' id='word_1_25' title='bbox 2239 700 2536 762; x_wconf 88' lang='lat' dir='ltr'>sanctae</span> 
     </span>
     <span class='ocr_line' id='line_1_5' title="bbox 343 783 2535 884; baseline 0.003 -29"><span class='ocrx_word' id='word_1_26' title='bbox 343 783 751 857; x_wconf 84' lang='lat' dir='ltr'>memoriae</span> <span class='ocrx_word' id='word_1_27' title='bbox 791 786 1189 860; x_wconf 89' lang='lat' dir='ltr'>Asenarius</span> <span class='ocrx_word' id='word_1_28' title='bbox 1221 787 1474 860; x_wconf 85' lang='lat' dir='ltr'>abbas.</span> <span class='ocrx_word' id='word_1_29' title='bbox 1556 787 1825 860; x_wconf 84' lang='lat' dir='ltr'><strong>Fuerat</strong></span> <span class='ocrx_word' id='word_1_30' title='bbox 1864 786 2231 883; x_wconf 83' lang='lat' dir='ltr'>siquidem</span> <span class='ocrx_word' id='word_1_31' title='bbox 2274 797 2349 858; x_wconf 93' lang='lat' dir='ltr'>et</span> <span class='ocrx_word' id='word_1_32' title='bbox 2377 787 2535 884; x_wconf 91' lang='lat' dir='ltr'>ipse</span> 
     </span>
     <span class='ocr_line' id='line_1_6' title="bbox 340 881 2535 983; baseline 0.002 -29"><span class='ocrx_word' id='word_1_33' title='bbox 340 881 728 958; x_wconf 81' lang='lat' dir='ltr'>Francicus</span> <span class='ocrx_word' id='word_1_34' title='bbox 782 908 1098 983; x_wconf 85' lang='lat' dir='ltr'>genere,</span> <span class='ocrx_word' id='word_1_35' title='bbox 1157 888 1297 959; x_wconf 91' lang='lat' dir='ltr'>hac</span> <span class='ocrx_word' id='word_1_36' title='bbox 1346 886 1982 960; x_wconf 83' lang='lat' dir='ltr'>nominatissimus</span> <span class='ocrx_word' id='word_1_37' title='bbox 2036 886 2227 960; x_wconf 89' lang='lat' dir='ltr'>inter</span> <span class='ocrx_word' id='word_1_38' title='bbox 2280 911 2535 982; x_wconf 86' lang='lat' dir='ltr'>proce-</span> 
     </span>
     <span class='ocr_line' id='line_1_7' title="bbox 337 982 2533 1083; baseline 0.002 -29"><span class='ocrx_word' id='word_1_39' title='bbox 337 982 539 1056; x_wconf 80' lang='lat' dir='ltr'>ribus</span> <span class='ocrx_word' id='word_1_40' title='bbox 593 985 1067 1057; x_wconf 82' lang='lat' dir='ltr'>Francorum.</span> <span class='ocrx_word' id='word_1_41' title='bbox 1148 986 1366 1059; x_wconf 87' lang='lat' dir='ltr'>Dedit</span> <span class='ocrx_word' id='word_1_42' title='bbox 1418 1009 1598 1080; x_wconf 83' lang='lat' dir='ltr'>ergo</span> <span class='ocrx_word' id='word_1_43' title='bbox 1635 996 1845 1083; x_wconf 89' lang='lat' dir='ltr'>pater</span> <span class='ocrx_word' id='word_1_44' title='bbox 1876 987 2111 1061; x_wconf 91' lang='lat' dir='ltr'>multa</span> <span class='ocrx_word' id='word_1_45' title='bbox 2163 998 2533 1060; x_wconf 89' lang='lat' dir='ltr'>terrarum</span> 
     </span>
     <span class='ocr_line' id='line_1_8' title="bbox 339 1083 2529 1181; baseline 0.003 -27"><span class='ocrx_word' id='word_1_46' title='bbox 339 1085 597 1180; x_wconf 89' lang='lat' dir='ltr'>predia</span> <span class='ocrx_word' id='word_1_47' title='bbox 675 1083 916 1156; x_wconf 89' lang='lat' dir='ltr'>eidem</span> <span class='ocrx_word' id='word_1_48' title='bbox 983 1083 1134 1155; x_wconf 90' lang='lat' dir='ltr'>filio</span> <span class='ocrx_word' id='word_1_49' title='bbox 1209 1108 1389 1181; x_wconf 91' lang='lat' dir='ltr'>su0,</span> <span class='ocrx_word' id='word_1_50' title='bbox 1463 1108 1685 1180; x_wconf 84' lang='lat' dir='ltr'>quem</span> <span class='ocrx_word' id='word_1_51' title='bbox 1755 1085 2054 1160; x_wconf 85' lang='lat' dir='ltr'>tradidit</span> <span class='ocrx_word' id='word_1_52' title='bbox 2120 1086 2529 1160; x_wconf 87' lang='lat' dir='ltr'>monastico</span> 
     </span>
     <span class='ocr_line' id='line_1_9' title="bbox 337 1182 1136 1256; baseline 0 -2"><span class='ocrx_word' id='word_1_53' title='bbox 337 1183 573 1256; x_wconf 91' lang='lat' dir='ltr'>ordini</span> <span class='ocrx_word' id='word_1_54' title='bbox 630 1182 1136 1256; x_wconf 86' lang='lat' dir='ltr'>erudiendum.</span> 
     </span>
    </p>

    <p class='ocr_par' dir='ltr' id='par_1_3' title="bbox 312 1281 2527 3268">
     <span class='ocr_line' id='line_1_10' title="bbox 490 1281 2527 1383; baseline 0 -27"><span class='ocrx_word' id='word_1_55' title='bbox 490 1282 555 1356; x_wconf 89' lang='lat'>3.</span> <span class='ocrx_word' id='word_1_56' title='bbox 612 1281 942 1357; x_wconf 74' lang='lat' dir='ltr'>Nun-itus</span> <span class='ocrx_word' id='word_1_57' title='bbox 985 1307 1160 1357; x_wconf 91' lang='lat' dir='ltr'>vero</span> <span class='ocrx_word' id='word_1_58' title='bbox 1209 1283 1406 1356; x_wconf 90' lang='lat' dir='ltr'>idem</span> <span class='ocrx_word' id='word_1_59' title='bbox 1444 1307 1630 1383; x_wconf 87' lang='lat' dir='ltr'>puer</span> <span class='ocrx_word' id='word_1_60' title='bbox 1681 1283 1821 1356; x_wconf 90' lang='lat' dir='ltr'>hac</span> <span class='ocrx_word' id='word_1_61' title='bbox 1850 1283 2181 1357; x_wconf 87' lang='lat' dir='ltr'>eruditus</span> <span class='ocrx_word' id='word_1_62' title='bbox 2216 1284 2289 1356; x_wconf 92' lang='lat' dir='ltr'>in</span> <span class='ocrx_word' id='word_1_63' title='bbox 2326 1285 2527 1357; x_wconf 90' lang='lat' dir='ltr'>omni</span> 
     </span>
     <span class='ocr_line' id='line_1_11' title="bbox 335 1380 2524 1481; baseline 0.003 -29"><span class='ocrx_word' id='word_1_64' title='bbox 335 1380 640 1455; x_wconf 89' lang='lat' dir='ltr'>scientia</span> <span class='ocrx_word' id='word_1_65' title='bbox 687 1383 1126 1480; x_wconf 88' lang='lat' dir='ltr'>litterarum,</span> <span class='ocrx_word' id='word_1_66' title='bbox 1181 1385 1336 1458; x_wconf 91' lang='lat' dir='ltr'>sive</span> <span class='ocrx_word' id='word_1_67' title='bbox 1375 1385 1445 1457; x_wconf 91' lang='lat' dir='ltr'>in</span> <span class='ocrx_word' id='word_1_68' title='bbox 1491 1383 1772 1457; x_wconf 90' lang='lat' dir='ltr'>cunctis</span> <span class='ocrx_word' id='word_1_69' title='bbox 1829 1385 1902 1456; x_wconf 90' lang='lat' dir='ltr'>in</span> <span class='ocrx_word' id='word_1_70' title='bbox 1959 1384 2221 1481; x_wconf 89' lang='lat' dir='ltr'>quibus</span> <span class='ocrx_word' id='word_1_71' title='bbox 2278 1384 2524 1458; x_wconf 88' lang='lat' dir='ltr'>doceri</span> 
     </span>
     <span class='ocr_line' id='line_1_12' title="bbox 333 1485 2523 1582; baseline 0.003 -30"><span class='ocrx_word' id='word_1_72' title='bbox 333 1505 504 1555; x_wconf 88' lang='lat' dir='ltr'>eum</span> <span class='ocrx_word' id='word_1_73' title='bbox 559 1493 1029 1580; x_wconf 70' lang='lat' dir='ltr'>oportuerat,</span> <span class='ocrx_word' id='word_1_74' title='bbox 1110 1486 1491 1582; x_wconf 87' lang='lat' dir='ltr'>factusque</span> <span class='ocrx_word' id='word_1_75' title='bbox 1543 1485 1872 1581; x_wconf 88' lang='lat' dir='ltr'>iuvenis,</span> <span class='ocrx_word' id='word_1_76' title='bbox 1940 1485 2183 1581; x_wconf 88' lang='lat' dir='ltr'>coepit</span> <span class='ocrx_word' id='word_1_77' title='bbox 2249 1496 2523 1558; x_wconf 88' lang='lat' dir='ltr'>semet·</span> 
     </span>
     <span class='ocr_line' id='line_1_13' title="bbox 329 1579 2521 1684; baseline 0.002 -32"><span class='ocrx_word' id='word_1_78' title='bbox 329 1579 574 1678; x_wconf 89' lang='lat' dir='ltr'>ipsum</span> <span class='ocrx_word' id='word_1_79' title='bbox 625 1582 701 1655; x_wconf 84' lang='lat' dir='ltr'>in</span> <span class='ocrx_word' id='word_1_80' title='bbox 755 1584 1129 1658; x_wconf 86' lang='lat' dir='ltr'>nonnullis</span> <span class='ocrx_word' id='word_1_81' title='bbox 1183 1587 1546 1659; x_wconf 90' lang='lat' dir='ltr'>bonorum</span> <span class='ocrx_word' id='word_1_82' title='bbox 1601 1609 1909 1684; x_wconf 89' lang='lat' dir='ltr'>operum</span> <span class='ocrx_word' id='word_1_83' title='bbox 1944 1584 2315 1658; x_wconf 87' lang='lat' dir='ltr'>exercitiis</span> <span class='ocrx_word' id='word_1_84' title='bbox 2351 1609 2521 1657; x_wconf 91' lang='lat' dir='ltr'>con-</span> 
     </span>
     <span class='ocr_line' id='line_1_14' title="bbox 331 1681 2519 1776; baseline 0.003 -24"><span class='ocrx_word' id='word_1_85' title='bbox 331 1681 640 1776; x_wconf 82' lang='lat' dir='ltr'>stringi,</span> <span class='ocrx_word' id='word_1_86' title='bbox 711 1695 932 1776; x_wconf 91' lang='lat' dir='ltr'>atque</span> <span class='ocrx_word' id='word_1_87' title='bbox 986 1684 1559 1776; x_wconf 84' lang='lat' dir='ltr'>sapientioribus</span> <span class='ocrx_word' id='word_1_88' title='bbox 1613 1697 1686 1758; x_wconf 85' lang='lat' dir='ltr'>et</span> <span class='ocrx_word' id='word_1_89' title='bbox 1736 1684 2223 1757; x_wconf 88' lang='lat' dir='ltr'>sanctioribus</span> <span class='ocrx_word' id='word_1_90' title='bbox 2277 1685 2519 1758; x_wconf 87' lang='lat' dir='ltr'>senio-</span> 
     </span>
     <span class='ocr_line' id='line_1_15' title="bbox 326 1778 2517 1878; baseline 0.002 -30"><span class='ocrx_word' id='word_1_91' title='bbox 326 1778 530 1850; x_wconf 85' lang='lat' dir='ltr'>ribus</span> <span class='ocrx_word' id='word_1_92' title='bbox 571 1779 674 1848; x_wconf 88' lang='lat' dir='ltr'>ita</span> <span class='ocrx_word' id='word_1_93' title='bbox 727 1778 1239 1852; x_wconf 86' lang='lat' dir='ltr'>oboedientiae</span> <span class='ocrx_word' id='word_1_94' title='bbox 1294 1793 1369 1852; x_wconf 88' lang='lat' dir='ltr'>et</span> <span class='ocrx_word' id='word_1_95' title='bbox 1421 1782 1877 1852; x_wconf 88' lang='lat' dir='ltr'>subiectione</span> <span class='ocrx_word' id='word_1_96' title='bbox 1931 1804 2013 1852; x_wconf 91' lang='lat' dir='ltr'>se</span> <span class='ocrx_word' id='word_1_97' title='bbox 2057 1782 2517 1878; x_wconf 87' lang='lat' dir='ltr'>humiliabat,</span> 
     </span>
     <span class='ocr_line' id='line_1_16' title="bbox 329 1876 2515 1974; baseline 0.001 -26"><span class='ocrx_word' id='word_1_98' title='bbox 329 1887 412 1948; x_wconf 85' lang='lat' dir='ltr'>ut</span> <span class='ocrx_word' id='word_1_99' title='bbox 475 1876 721 1948; x_wconf 89' lang='lat' dir='ltr'>nullus</span> <span class='ocrx_word' id='word_1_100' title='bbox 791 1888 1175 1974; x_wconf 86' lang='lat' dir='ltr'>putaretur</span> <span class='ocrx_word' id='word_1_101' title='bbox 1226 1879 1300 1950; x_wconf 93' lang='lat' dir='ltr'>in</span> <span class='ocrx_word' id='word_1_102' title='bbox 1355 1877 1809 1950; x_wconf 88' lang='lat' dir='ltr'>monasterio</span> <span class='ocrx_word' id='word_1_103' title='bbox 1865 1878 2256 1952; x_wconf 74' lang='lat' dir='ltr'>secundus·</span> <span class='ocrx_word' id='word_1_104' title='bbox 2360 1879 2515 1952; x_wconf 88' lang='lat' dir='ltr'>Sic-</span> 
     </span>
     <span class='ocr_line' id='line_1_17' title="bbox 326 1975 2515 2076; baseline 0.001 -28"><span class='ocrx_word' id='word_1_105' title='bbox 326 1999 468 2073; x_wconf 88' lang='lat' dir='ltr'>que</span> <span class='ocrx_word' id='word_1_106' title='bbox 523 1998 864 2051; x_wconf 88' lang='lat' dir='ltr'>crescens</span> <span class='ocrx_word' id='word_1_107' title='bbox 919 1978 1010 2051; x_wconf 90' lang='lat' dir='ltr'>de</span> <span class='ocrx_word' id='word_1_108' title='bbox 1063 1977 1330 2052; x_wconf 88' lang='lat' dir='ltr'>virtute</span> <span class='ocrx_word' id='word_1_109' title='bbox 1382 1979 1457 2050; x_wconf 90' lang='lat' dir='ltr'>in</span> <span class='ocrx_word' id='word_1_110' title='bbox 1498 1975 1917 2074; x_wconf 85' lang='lat' dir='ltr'>virtutibus,</span> <span class='ocrx_word' id='word_1_111' title='bbox 1974 1977 2242 2050; x_wconf 87' lang='lat' dir='ltr'>cotidie</span> <span class='ocrx_word' id='word_1_112' title='bbox 2282 1978 2515 2076; x_wconf 88' lang='lat' dir='ltr'>polle-</span> 
     </span>
     <span class='ocr_line' id='line_1_18' title="bbox 327 2075 2513 2177; baseline 0.001 -29"><span class='ocrx_word' id='word_1_113' title='bbox 327 2076 452 2150; x_wconf 89' lang='lat' dir='ltr'>bat</span> <span class='ocrx_word' id='word_1_114' title='bbox 503 2077 875 2150; x_wconf 88' lang='lat' dir='ltr'>nonnullis</span> <span class='ocrx_word' id='word_1_115' title='bbox 928 2077 1142 2152; x_wconf 90' lang='lat' dir='ltr'>bonis</span> <span class='ocrx_word' id='word_1_116' title='bbox 1196 2079 1567 2177; x_wconf 79' lang='lat' dir='ltr'>operibus,</span> <span class='ocrx_word' id='word_1_117' title='bbox 1674 2077 1855 2166; x_wconf 84' lang='lat' dir='ltr'>Quis</span> <span class='ocrx_word' id='word_1_118' title='bbox 1900 2081 2089 2174; x_wconf 81' lang='lat' dir='ltr'>ergo</span> <span class='ocrx_word' id='word_1_119' title='bbox 2129 2078 2327 2150; x_wconf 90' lang='lat' dir='ltr'>valet</span> <span class='ocrx_word' id='word_1_120' title='bbox 2374 2075 2513 2151; x_wconf 86' lang='lat' dir='ltr'>lin-</span> 
     </span>
     <span class='ocr_line' id='line_1_19' title="bbox 319 2173 2511 2275; baseline 0.001 -26"><span class='ocrx_word' id='word_1_121' title='bbox 319 2200 468 2272; x_wconf 78' lang='lat' dir='ltr'>gua</span> <span class='ocrx_word' id='word_1_122' title='bbox 540 2180 734 2250; x_wconf 85' lang='lat' dir='ltr'>facta</span> <span class='ocrx_word' id='word_1_123' title='bbox 799 2177 998 2251; x_wconf 88' lang='lat' dir='ltr'>illius</span> <span class='ocrx_word' id='word_1_124' title='bbox 1063 2173 1481 2275; x_wconf 65' lang='lat' dir='ltr'>explicare?</span> <span class='ocrx_word' id='word_1_125' title='bbox 1545 2180 1735 2250; x_wconf 87' lang='lat' dir='ltr'>Ante</span> <span class='ocrx_word' id='word_1_126' title='bbox 1802 2201 2023 2272; x_wconf 82' lang='lat' dir='ltr'>ergo,</span> <span class='ocrx_word' id='word_1_127' title='bbox 2090 2190 2171 2252; x_wconf 90' lang='lat' dir='ltr'>ut</span> <span class='ocrx_word' id='word_1_128' title='bbox 2224 2177 2511 2275; x_wconf 87' lang='lat' dir='ltr'>opinor,</span> 
     </span>
     <span class='ocr_line' id='line_1_20' title="bbox 319 2272 2511 2373; baseline 0.002 -26"><span class='ocrx_word' id='word_1_129' title='bbox 319 2286 615 2370; x_wconf 87' lang='lat' dir='ltr'>tempus</span> <span class='ocrx_word' id='word_1_130' title='bbox 669 2272 1042 2368; x_wconf 88' lang='lat' dir='ltr'>deficeret,</span> <span class='ocrx_word' id='word_1_131' title='bbox 1094 2276 1347 2369; x_wconf 87' lang='lat' dir='ltr'>lingua</span> <span class='ocrx_word' id='word_1_132' title='bbox 1397 2275 1839 2369; x_wconf 89' lang='lat' dir='ltr'>tabesceret,</span> <span class='ocrx_word' id='word_1_133' title='bbox 1892 2299 2104 2347; x_wconf 89' lang='lat' dir='ltr'>mens</span> <span class='ocrx_word' id='word_1_134' title='bbox 2158 2287 2511 2373; x_wconf 89' lang='lat' dir='ltr'>estuaret,</span> 
     </span>
     <span class='ocr_line' id='line_1_21' title="bbox 321 2371 2507 2473; baseline 0 -29"><span class='ocrx_word' id='word_1_135' title='bbox 321 2371 614 2471; x_wconf 67' lang='lat' dir='ltr'>etiamsi</span> <span class='ocrx_word' id='word_1_136' title='bbox 667 2371 904 2446; x_wconf 87' lang='lat' dir='ltr'>tocius</span> <span class='ocrx_word' id='word_1_137' title='bbox 959 2374 1287 2473; x_wconf 90' lang='lat' dir='ltr'>corporis</span> <span class='ocrx_word' id='word_1_138' title='bbox 1340 2371 1675 2446; x_wconf 87' lang='lat' dir='ltr'>membra</span> <span class='ocrx_word' id='word_1_139' title='bbox 1728 2382 2192 2446; x_wconf 86' lang='lat' dir='ltr'>verterentur</span> <span class='ocrx_word' id='word_1_140' title='bbox 2244 2374 2319 2444; x_wconf 90' lang='lat' dir='ltr'>in</span> <span class='ocrx_word' id='word_1_141' title='bbox 2372 2374 2507 2445; x_wconf 91' lang='lat' dir='ltr'>lin-</span> 
     </span>
     <span class='ocr_line' id='line_1_22' title="bbox 323 2473 2506 2571; baseline 0.001 -26"><span class='ocrx_word' id='word_1_142' title='bbox 323 2498 536 2569; x_wconf 79' lang='lat' dir='ltr'>guaS,</span> <span class='ocrx_word' id='word_1_143' title='bbox 587 2473 976 2571; x_wconf 89' lang='lat' dir='ltr'>nequirent</span> <span class='ocrx_word' id='word_1_144' title='bbox 1015 2475 1154 2547; x_wconf 91' lang='lat' dir='ltr'>fari</span> <span class='ocrx_word' id='word_1_145' title='bbox 1186 2476 1494 2549; x_wconf 88' lang='lat' dir='ltr'>virtutes</span> <span class='ocrx_word' id='word_1_146' title='bbox 1542 2473 1766 2570; x_wconf 90' lang='lat' dir='ltr'>illius,</span> <span class='ocrx_word' id='word_1_147' title='bbox 1820 2474 1891 2547; x_wconf 91' lang='lat' dir='ltr'>in</span> <span class='ocrx_word' id='word_1_148' title='bbox 1948 2474 2212 2571; x_wconf 87' lang='lat' dir='ltr'>quibus</span> <span class='ocrx_word' id='word_1_149' title='bbox 2267 2495 2348 2546; x_wconf 89' lang='lat' dir='ltr'>se</span> <span class='ocrx_word' id='word_1_150' title='bbox 2385 2473 2506 2548; x_wconf 90' lang='lat' dir='ltr'>die</span> 
     </span>
     <span class='ocr_line' id='line_1_23' title="bbox 319 2573 2507 2671; baseline 0.001 -26"><span class='ocrx_word' id='word_1_151' title='bbox 319 2586 687 2671; x_wconf 88' lang='lat' dir='ltr'>noctuque</span> <span class='ocrx_word' id='word_1_152' title='bbox 743 2575 1190 2669; x_wconf 85' lang='lat' dir='ltr'>exercitans,</span> <span class='ocrx_word' id='word_1_153' title='bbox 1244 2574 1523 2648; x_wconf 85' lang='lat' dir='ltr'>scilicet</span> <span class='ocrx_word' id='word_1_154' title='bbox 1572 2573 1646 2644; x_wconf 90' lang='lat' dir='ltr'>in</span> <span class='ocrx_word' id='word_1_155' title='bbox 1699 2574 1969 2667; x_wconf 82' lang='lat' dir='ltr'>vigiliis</span> <span class='ocrx_word' id='word_1_156' title='bbox 2024 2573 2287 2669; x_wconf 91' lang='lat' dir='ltr'>quibus</span> <span class='ocrx_word' id='word_1_157' title='bbox 2341 2574 2507 2648; x_wconf 90' lang='lat' dir='ltr'>aliis</span> 
     </span>
     <span class='ocr_line' id='line_1_24' title="bbox 317 2670 2503 2771; baseline 0 -27"><span class='ocrx_word' id='word_1_158' title='bbox 317 2672 837 2771; x_wconf 88' lang='lat' dir='ltr'>preveniebat,</span> <span class='ocrx_word' id='word_1_159' title='bbox 926 2672 1383 2745; x_wconf 89' lang='lat' dir='ltr'>orationibus</span> <span class='ocrx_word' id='word_1_160' title='bbox 1460 2672 1916 2770; x_wconf 86' lang='lat' dir='ltr'>peculiariis,</span> <span class='ocrx_word' id='word_1_161' title='bbox 2005 2670 2503 2745; x_wconf 85' lang='lat' dir='ltr'>maceratione</span> 
     </span>
     <span class='ocr_line' id='line_1_25' title="bbox 318 2771 2503 2870; baseline 0.001 -26"><span class='ocrx_word' id='word_1_162' title='bbox 318 2771 688 2870; x_wconf 88' lang='lat' dir='ltr'>corporis,</span> <span class='ocrx_word' id='word_1_163' title='bbox 757 2771 1202 2846; x_wconf 86' lang='lat' dir='ltr'>abstinentia</span> <span class='ocrx_word' id='word_1_164' title='bbox 1255 2772 1587 2846; x_wconf 89' lang='lat' dir='ltr'>ciborum</span> <span class='ocrx_word' id='word_1_165' title='bbox 1640 2781 1713 2844; x_wconf 87' lang='lat' dir='ltr'>et</span> <span class='ocrx_word' id='word_1_166' title='bbox 1764 2783 2115 2870; x_wconf 86' lang='lat' dir='ltr'>potuum,</span> <span class='ocrx_word' id='word_1_167' title='bbox 2171 2772 2503 2866; x_wconf 85' lang='lat' dir='ltr'>caritate,</span> 
     </span>
     <span class='ocr_line' id='line_1_26' title="bbox 316 2870 2522 2972; baseline 0 -29"><span class='ocrx_word' id='word_1_168' title='bbox 316 2871 756 2967; x_wconf 88' lang='lat' dir='ltr'>humilitate,</span> <span class='ocrx_word' id='word_1_169' title='bbox 789 2870 1280 2968; x_wconf 82' lang='lat' dir='ltr'>oboedientia,</span> <span class='ocrx_word' id='word_1_170' title='bbox 1323 2872 1711 2972; x_wconf 73' lang='lat' dir='ltr'>pacientia,</span> <span class='ocrx_word' id='word_1_171' title='bbox 1764 2871 2129 2967; x_wconf 85' lang='lat' dir='ltr'>castitate,</span> <span class='ocrx_word' id='word_1_172' title='bbox 2163 2870 2522 2968; x_wconf 54' lang='lat' dir='ltr'>mansue?</span> 
     </span>
     <span class='ocr_line' id='line_1_27' title="bbox 312 2970 2501 3067; baseline -0.002 -21"><span class='ocrx_word' id='word_1_173' title='bbox 312 2972 610 3067; x_wconf 86' lang='lat' dir='ltr'>tudine,</span> <span class='ocrx_word' id='word_1_174' title='bbox 665 2970 1156 3067; x_wconf 70' lang='lat' dir='ltr'>subiectione,</span> <span class='ocrx_word' id='word_1_175' title='bbox 1209 2984 1286 3047; x_wconf 89' lang='lat' dir='ltr'>et</span> <span class='ocrx_word' id='word_1_176' title='bbox 1339 2985 1417 3046; x_wconf 92' lang='lat' dir='ltr'>ut</span> <span class='ocrx_word' id='word_1_177' title='bbox 1470 2983 1639 3045; x_wconf 88' lang='lat' dir='ltr'>ante</span> <span class='ocrx_word' id='word_1_178' title='bbox 1693 2970 1882 3067; x_wconf 87' lang='lat' dir='ltr'>dixi,</span> <span class='ocrx_word' id='word_1_179' title='bbox 1939 2970 2094 3043; x_wconf 89' lang='lat' dir='ltr'>dies</span> <span class='ocrx_word' id='word_1_180' title='bbox 2149 2982 2320 3042; x_wconf 91' lang='lat' dir='ltr'>ante</span> <span class='ocrx_word' id='word_1_181' title='bbox 2376 2971 2501 3043; x_wconf 85' lang='lat' dir='ltr'>de·</span> 
     </span>
     <span class='ocr_line' id='line_1_28' title="bbox 312 3070 2505 3170; baseline 0 -27"><span class='ocrx_word' id='word_1_182' title='bbox 312 3070 658 3166; x_wconf 89' lang='lat' dir='ltr'>ficerent,</span> <span class='ocrx_word' id='word_1_183' title='bbox 733 3096 955 3169; x_wconf 89' lang='lat' dir='ltr'>quam</span> <span class='ocrx_word' id='word_1_184' title='bbox 1026 3074 1218 3148; x_wconf 87' lang='lat' dir='ltr'>facta</span> <span class='ocrx_word' id='word_1_185' title='bbox 1284 3071 1478 3145; x_wconf 89' lang='lat' dir='ltr'>bona</span> <span class='ocrx_word' id='word_1_186' title='bbox 1533 3095 1839 3170; x_wconf 89' lang='lat' dir='ltr'>operum</span> <span class='ocrx_word' id='word_1_187' title='bbox 1894 3092 2200 3144; x_wconf 86' lang='lat' dir='ltr'>suorum</span> <span class='ocrx_word' id='word_1_188' title='bbox 2250 3070 2505 3167; x_wconf 83' lang='lat' dir='ltr'>lingua</span> 
     </span>
     <span class='ocr_line' id='line_1_29' title="bbox 312 3173 1036 3268; baseline 0.004 -26"><span class='ocrx_word' id='word_1_189' title='bbox 312 3173 680 3268; x_wconf 84' lang='lat' dir='ltr'>explicare</span> <span class='ocrx_word' id='word_1_190' title='bbox 733 3173 1036 3245; x_wconf 86' lang='lat' dir='ltr'>valeret.</span> 
     </span>
    </p>

    <p class='ocr_par' dir='ltr' id='par_1_4' title="bbox 305 3266 2501 4161">
     <span class='ocr_line' id='line_1_30' title="bbox 465 3266 2501 3367; baseline -0.002 -25"><span class='ocrx_word' id='word_1_191' title='bbox 465 3272 531 3342; x_wconf 82' lang='lat'>4.</span> <span class='ocrx_word' id='word_1_192' title='bbox 583 3271 987 3345; x_wconf 87' lang='lat' dir='ltr'>Defunctus</span> <span class='ocrx_word' id='word_1_193' title='bbox 1056 3271 1303 3367; x_wconf 87' lang='lat' dir='ltr'>itaque</span> <span class='ocrx_word' id='word_1_194' title='bbox 1373 3280 1488 3343; x_wconf 86' lang='lat' dir='ltr'>est</span> <span class='ocrx_word' id='word_1_195' title='bbox 1555 3268 1806 3341; x_wconf 88' lang='lat' dir='ltr'>seculo</span> <span class='ocrx_word' id='word_1_196' title='bbox 1874 3266 2236 3339; x_wconf 90' lang='lat' dir='ltr'>almificus</span> <span class='ocrx_word' id='word_1_197' title='bbox 2288 3278 2501 3363; x_wconf 90' lang='lat' dir='ltr'>pater</span> 
     </span>
     <span class='ocr_line' id='line_1_31' title="bbox 312 3363 2501 3463; baseline -0.001 -24"><span class='ocrx_word' id='word_1_198' title='bbox 312 3367 736 3440; x_wconf 89' lang='lat' dir='ltr'>Asenarius.</span> <span class='ocrx_word' id='word_1_199' title='bbox 861 3370 994 3443; x_wconf 88' lang='lat' dir='ltr'>Cui</span> <span class='ocrx_word' id='word_1_200' title='bbox 1065 3368 1422 3443; x_wconf 90' lang='lat' dir='ltr'>successit</span> <span class='ocrx_word' id='word_1_201' title='bbox 1487 3366 1825 3463; x_wconf 88' lang='lat' dir='ltr'>protinus</span> <span class='ocrx_word' id='word_1_202' title='bbox 1896 3366 1968 3437; x_wconf 89' lang='lat' dir='ltr'>in</span> <span class='ocrx_word' id='word_1_203' title='bbox 2041 3363 2334 3438; x_wconf 89' lang='lat' dir='ltr'>abbatia</span> <span class='ocrx_word' id='word_1_204' title='bbox 2385 3364 2501 3436; x_wconf 89' lang='lat' dir='ltr'>vir</span> 
     </span>
     <span class='ocr_line' id='line_1_32' title="bbox 310 3464 2499 3562; baseline -0.001 -25"><span class='ocrx_word' id='word_1_205' title='bbox 310 3466 530 3538; x_wconf 87' lang='lat' dir='ltr'>valde</span> <span class='ocrx_word' id='word_1_206' title='bbox 580 3466 972 3540; x_wconf 91' lang='lat' dir='ltr'>laudabilis</span> <span class='ocrx_word' id='word_1_207' title='bbox 1025 3468 1341 3541; x_wconf 90' lang='lat' dir='ltr'>domnus</span> <span class='ocrx_word' id='word_1_208' title='bbox 1374 3466 1780 3562; x_wconf 81' lang='lat' dir='ltr'>Witgarius</span> <span class='ocrx_word' id='word_1_209' title='bbox 1834 3464 2245 3562; x_wconf 79' lang='lat' dir='ltr'>episcopus,</span> <span class='ocrx_word' id='word_1_210' title='bbox 2355 3464 2499 3553; x_wconf 83' lang='lat' dir='ltr'>Qui</span> 
     </span>
     <span class='ocr_line' id='line_1_33' title="bbox 309 3562 2495 3664; baseline -0.001 -26"><span class='ocrx_word' id='word_1_211' title='bbox 309 3588 481 3645; x_wconf 82' lang='lat' dir='ltr'>cum</span> <span class='ocrx_word' id='word_1_212' title='bbox 534 3564 856 3661; x_wconf 89' lang='lat' dir='ltr'>obisset,</span> <span class='ocrx_word' id='word_1_213' title='bbox 910 3568 1264 3640; x_wconf 89' lang='lat' dir='ltr'>successit</span> <span class='ocrx_word' id='word_1_214' title='bbox 1311 3578 1484 3664; x_wconf 89' lang='lat' dir='ltr'>post</span> <span class='ocrx_word' id='word_1_215' title='bbox 1534 3590 1744 3660; x_wconf 90' lang='lat' dir='ltr'>eum,</span> <span class='ocrx_word' id='word_1_216' title='bbox 1816 3564 1974 3636; x_wconf 90' lang='lat' dir='ltr'>eius</span> <span class='ocrx_word' id='word_1_217' title='bbox 2028 3562 2495 3636; x_wconf 88' lang='lat' dir='ltr'>sanctitatem</span> 
     </span>
     <span class='ocr_line' id='line_1_34' title="bbox 305 3661 2493 3763; baseline -0.002 -22"><span class='ocrx_word' id='word_1_218' title='bbox 305 3688 628 3762; x_wconf 86' lang='lat' dir='ltr'>sequens</span> <span class='ocrx_word' id='word_1_219' title='bbox 679 3665 1260 3759; x_wconf 82' lang='lat' dir='ltr'>gloriosissimus</span> <span class='ocrx_word' id='word_1_220' title='bbox 1313 3677 1567 3763; x_wconf 90' lang='lat' dir='ltr'>pastor</span> <span class='ocrx_word' id='word_1_221' title='bbox 1602 3661 2032 3736; x_wconf 90' lang='lat' dir='ltr'>Frodoinus.</span> <span class='ocrx_word' id='word_1_222' title='bbox 2138 3663 2218 3734; x_wconf 91' lang='lat' dir='ltr'>In</span> <span class='ocrx_word' id='word_1_223' title='bbox 2273 3662 2493 3736; x_wconf 91' lang='lat' dir='ltr'>huius</span> 
     </span>
     <span class='ocr_line' id='line_1_35' title="bbox 307 3762 2490 3865; baseline -0.002 -26"><span class='ocrx_word' id='word_1_224' title='bbox 307 3787 604 3865; x_wconf 85' lang='lat' dir='ltr'>quoque</span> <span class='ocrx_word' id='word_1_225' title='bbox 658 3763 944 3837; x_wconf 87' lang='lat' dir='ltr'>abbatis</span> <span class='ocrx_word' id='word_1_226' title='bbox 996 3765 1355 3837; x_wconf 87' lang='lat' dir='ltr'>electione</span> <span class='ocrx_word' id='word_1_227' title='bbox 1406 3763 1859 3861; x_wconf 87' lang='lat' dir='ltr'>postulatum</span> <span class='ocrx_word' id='word_1_228' title='bbox 1914 3773 2028 3835; x_wconf 88' lang='lat' dir='ltr'>est</span> <span class='ocrx_word' id='word_1_229' title='bbox 2079 3762 2490 3857; x_wconf 89' lang='lat' dir='ltr'>aDomino,</span> 
     </span>
     <span class='ocr_line' id='line_1_36' title="bbox 309 3862 2493 3963; baseline -0.001 -26"><span class='ocrx_word' id='word_1_230' title='bbox 309 3866 472 3962; x_wconf 92' lang='lat' dir='ltr'>quis</span> <span class='ocrx_word' id='word_1_231' title='bbox 536 3887 628 3937; x_wconf 84' lang='lat' dir='ltr'>ex</span> <span class='ocrx_word' id='word_1_232' title='bbox 698 3862 878 3963; x_wconf 91' lang='lat' dir='ltr'>ipsis</span> <span class='ocrx_word' id='word_1_233' title='bbox 947 3862 1288 3937; x_wconf 89' lang='lat' dir='ltr'>omnibus</span> <span class='ocrx_word' id='word_1_234' title='bbox 1343 3862 1611 3959; x_wconf 82' lang='lat' dir='ltr'>dignus</span> <span class='ocrx_word' id='word_1_235' title='bbox 1678 3874 1877 3935; x_wconf 87' lang='lat' dir='ltr'>esset</span> <span class='ocrx_word' id='word_1_236' title='bbox 1942 3862 2124 3937; x_wconf 86' lang='lat' dir='ltr'>tanti</span> <span class='ocrx_word' id='word_1_237' title='bbox 2188 3862 2493 3935; x_wconf 87' lang='lat' dir='ltr'>honoris</span> 
     </span>
     <span class='ocr_line' id='line_1_37' title="bbox 307 3962 2489 4062; baseline -0.001 -27"><span class='ocrx_word' id='word_1_238' title='bbox 307 3964 665 4062; x_wconf 83' lang='lat' dir='ltr'>excipere.</span> <span class='ocrx_word' id='word_1_239' title='bbox 747 3963 1030 4053; x_wconf 80' lang='lat' dir='ltr'>Quibus</span> <span class='ocrx_word' id='word_1_240' title='bbox 1065 3988 1238 4037; x_wconf 89' lang='lat' dir='ltr'>mox</span> <span class='ocrx_word' id='word_1_241' title='bbox 1291 3962 1637 4038; x_wconf 87' lang='lat' dir='ltr'>divinitus</span> <span class='ocrx_word' id='word_1_242' title='bbox 1690 3975 2074 4037; x_wconf 89' lang='lat' dir='ltr'>ostensum</span> <span class='ocrx_word' id='word_1_243' title='bbox 2128 3972 2263 4059; x_wconf 88' lang='lat' dir='ltr'>est,</span> <span class='ocrx_word' id='word_1_244' title='bbox 2316 3962 2489 4034; x_wconf 87' lang='lat' dir='ltr'>Fro-</span> 
     </span>
     <span class='ocr_line' id='line_1_38' title="bbox 313 4060 2491 4161; baseline -0.002 -26"><span class='ocrx_word' id='word_1_245' title='bbox 313 4062 611 4137; x_wconf 89' lang='lat' dir='ltr'>doinum</span> <span class='ocrx_word' id='word_1_246' title='bbox 665 4064 756 4137; x_wconf 91' lang='lat' dir='ltr'>ad</span> <span class='ocrx_word' id='word_1_247' title='bbox 813 4064 952 4139; x_wconf 89' lang='lat' dir='ltr'>hoc</span> <span class='ocrx_word' id='word_1_248' title='bbox 1004 4088 1174 4139; x_wconf 87' lang='lat' dir='ltr'>esse</span> <span class='ocrx_word' id='word_1_249' title='bbox 1226 4063 1552 4161; x_wconf 82' lang='lat' dir='ltr'>dignum.</span> <span class='ocrx_word' id='word_1_250' title='bbox 1676 4064 2042 4136; x_wconf 89' lang='lat' dir='ltr'>Evenerat</span> <span class='ocrx_word' id='word_1_251' title='bbox 2092 4061 2313 4156; x_wconf 82' lang='lat' dir='ltr'>igitur</span> <span class='ocrx_word' id='word_1_252' title='bbox 2362 4060 2491 4133; x_wconf 93' lang='lat' dir='ltr'>illo</span> 
     </span>
    </p>
   </div>
  </div>
 </body>
</html>
