3034 4900
1089 315 1365 394 LIBER
1415 317 1837 394 TERTIUS.
2442 319 2539 396 47

355 500 554 576 mini.
655 500 1051 575 Caeterum
1103 500 1368 598 quihus
1410 501 1837 600 patrociniis
1872 499 1945 572 in
1985 521 2075 574 ea
2116 498 2537 576 continean-

351 614 496 698 tur,
550 603 741 675 facta
779 601 1010 700 ipsius
1057 601 1601 697 demonstrant3
1654 625 1829 674 nam
1881 599 2240 699 paralitici
2280 602 2537 698 curati,

349 703 546 774 caeci
609 701 1060 798 inluminati,
1140 701 1499 776 demones
1578 701 1854 797 fugati,
1934 700 2206 773 infirmi
2276 703 2537 798 sanati,

347 801 686 876 incendia
715 801 997 896 sedata,
1051 804 1249 875 furta
1281 801 1607 896 inventa,
1660 800 2052 900 sepissime
2088 810 2168 872 et
2218 799 2537 874 vidimus

347 913 422 974 et
471 901 884 975 audivimus
937 925 1072 998 per
1121 900 1387 973 merita
1429 900 1820 973 beatorum
1871 901 2266 998 pignorum
2318 899 2393 972 in
2446 923 2537 972 ea

347 1001 884 1100 quiescentium
937 1011 1015 1072 et
1067 998 1262 1073 beati
1315 999 1661 1072 Frodoini
1716 999 2023 1073 abbatis,

424 1105 430 1112 ’
500 1105 616 1176 17.
675 1103 780 1172 Eo
834 1111 1172 1196 tempore
1225 1098 1483 1171 heatus
1535 1097 1945 1172 Frodoinus
1999 1101 2257 1172 volens
2309 1109 2536 1192 testa·

346 1211 682 1272 mentum
731 1199 962 1295 ipsius
1016 1197 1419 1270 aecclesiae
1473 1198 1857 1293 renovari,
1913 1198 2107 1294 quod
2160 1200 2535 1296 quondam

345 1298 554 1372 Abho
624 1297 974 1396 patricius
1037 1297 1131 1369 de
1197 1297 1360 1396 ipsa
1423 1297 1781 1372 aecclesia
1852 1299 2131 1370 fecerat
2197 1309 2536 1396 tempore

345 1397 784 1477 Theoderici
849 1398 1263 1471 Gothorum
1315 1396 1553 1492 regis,
1606 1398 1811 1471 misit
1864 1398 2049 1470 duos
2102 1399 2534 1493 monachOS‚

341 1499 799 1595 Agahertum
866 1497 1148 1571 scilicet
1223 1508 1300 1570 et
1367 1499 1927 1594 Gislarannum‚
2004 1496 2096 1568 ad
2177 1499 2535 1570 Karolum

343 1621 699 1694 magnum
749 1599 1316 1694 imperatorem,
1385 1610 1468 1670 ut
1520 1597 1659 1669 sihi
1714 1621 1849 1670 suo
1890 1597 2268 1694 ‘imperiali
2322 1621 2533 1696 prae-

343 1711 558 1795 cepto
594 1708 1121 1770 testamentum
1173 1694 1388 1794 ipsud
1442 1697 1785 1771 renovari
1839 1698 2297 1794 concederet.
2390 1699 2532 1786 Qui

343 1797 662 1892 henigne
727 1796 835 1868 illi
899 1819 1268 1892 annuens,
1325 1807 1585 1868 cuncta
1639 1820 1826 1893 quae
1880 1795 1983 1868 illi
2040 1795 2255 1893 petiit
2298 1797 2533 1893 impe-

341 1907 539 1971 trare
592 1895 842 1969 valuit.

497 1996 611 2073 18.
666 1996 844 2068 Erat
881 1995 1194 2093 denique
1228 2019 1360 2068 suo
1398 2005 1737 2094 tempore
1782 1994 1958 2068 villa
1996 1995 2293 2094 nomine
2332 1995 2532 2070 Otia-

340 2096 434 2170 tis
473 2095 567 2168 de
603 2094 872 2168 eodem
907 2095 1290 2191 coenobio,
1347 2119 1569 2192 quam
1604 2095 1903 2193 quidam
1954 2097 2178 2169 homo
2232 2095 2532 2170 nomine

339 2194 736 2289 Dyonisius
790 2217 958 2265 cum
1013 2193 1384 2289 quondam
1423 2195 1577 2264 filio
1621 2220 1755 2268 suo
1788 2197 2102 2268 Hunone
2142 2195 2360 2270 heato
2401 2198 2531 2286 Pe·

341 2304 458 2366 tro
497 2291 1028 2365 Novaliciensis
1067 2313 1155 2364 ea
1200 2290 1401 2364 dedit
1445 2315 1613 2363 cum
1648 2293 1883 2366 servis
1924 2306 1999 2367 et
2040 2293 2351 2391 ancillis,
2393 2321 2529 2392 pro

342 2393 632 2466 animae
695 2415 875 2466 suae
937 2390 1376 2486 mercedem.
1483 2391 1604 2465 Hii
1681 2415 1971 2490 quoque
2038 2394 2295 2466 famuli
2363 2407 2533 2494 post

340 2494 615 2567 multos
657 2492 816 2566 dies
855 2504 928 2566 et
959 2505 1130 2590 post
1165 2505 1480 2566 mortem
1514 2516 1821 2565 suorum
1860 2493 2329 2567 dominorum
2366 2519 2532 2569 coe-

338 2604 608 2692 perunt
654 2604 910 2665 contra
957 2592 1362 2665 monachos
1421 2601 1498 2663 et
1555 2603 1810 2665 contra
1866 2591 2245 2667 ministros
2294 2595 2529 2693 ipsius

340 2692 746 2767 aecclesiae
795 2692 1184 2786 insurgere
1238 2701 1315 2764 et
1364 2689 1693 2789 litigare,
1748 2691 2117 2766 dicentes:
2188 2692 2343 2767 Nos
2406 2717 2527 2767 ne-

338 2814 472 2889 que
531 2791 762 2863 nostri
819 2792 1246 2884 pertinentes
1305 2810 1451 2861 non
1509 2812 1759 2864 sumus
1823 2792 1911 2865 de
1979 2798 2215 2866 vestro
2277 2818 2530 2867 mona·

335 2894 552 2965 sterio
570 2948 592 2986 ,
652 2914 792 2985 pro
822 2940 829 2948 -
861 2914 946 2963 eo
1013 2892 1182 2985 quia
1235 2891 1525 2963 aviones
1576 2893 1806 2963 nostri
1852 2892 2052 2965 vobis
2101 2897 2529 2988 pertinentes

335 3012 480 3065 non
528 2994 834 3077 filerunt.
939 2990 1158 3064 Postb
1196 3014 1472 3088 paucos
1511 3014 1692 3064 vero
1730 2991 1890 3066 dies
1930 2992 2388 3070 advenerunt
2420 2997 2526 3069 le-

335 3092 490 3187 gati
543 3092 786 3165 Caroli
838 3090 1308 3189 imperatoris
1361 3090 1434 3163 in
1487 3090 1814 3187 Italiam,
1882 3116 2144 3167 causas
2194 3097 2529 3192 ipsorum

336 3192 719 3263 hominum
769 3201 842 3263 et
896 3190 1210 3262 aliorum
1280 3188 1817 3284 discutiendas3
1887 3192 2081 3266 inter
2146 3218 2333 3288 quos
2400 3196 2524 3265 ad-

337 3291 639 3362 fuerunt
686 3289 1006 3385 Raperto
1059 3312 1310 3363 comes
1361 3300 1438 3362 et
1472 3288 1807 3362 Andreas
1863 3289 2253 3387 episcopus
2306 3304 2527 3390 atque

339 3389 766 3486 capellanus
833 3388 1081 3460 domni
1145 3388 1659 3489 imperatoris3
1735 3412 1903 3461 cum
1972 3389 2233 3488 quihus
2300 3392 2526 3470 etiam

335 3486 834 3561 interfuerunt
893 3487 1106 3560 multi
1169 3488 1447 3562 iudices
1507 3500 1587 3563 et
1648 3488 1965 3563 scavinis
2016 3511 2185 3561 cum
2236 3492 2523 3567 sculda‚

333 3587 591 3683 xihus,
661 3610 974 3687 quorum
1025 3587 1323 3662 nomina
1389 3587 1636 3663 dicere
1687 3588 2229 3687 potuissemus,
2295 3591 2356 3665 si
2430 3594 2523 3668 ad

335 3687 482 3761 alia
552 3710 819 3783 gressu
887 3687 1172 3761 concito
1240 3710 1390 3760 non
1441 3688 1958 3782 tenderemu83
2026 3703 2099 3762 et
2166 3694 2522 3767 consede-

332 3798 508 3863 runt
570 3788 644 3860 in
715 3786 1008 3861 civitate
1071 3786 1460 3861 Ticinensi.
1583 3788 1787 3861 Tunc
1848 3800 2057 3886 pater
2111 3788 2522 3868 Frodoinus

333 3888 533 3962 misit
581 3888 768 3963 duos
823 3910 912 3960 ex
966 3885 1156 3982 suiS,
1228 3889 1466 3960 Adam
1534 3888 1814 3962 scilicet
1881 3900 1955 3962 et
2002 3889 2313 3964 Dodone
2362 3916 2521 3967 mo-

335 3988 634 4084 nachos,
688 4010 856 4062 cum
891 3986 1318 4086 Raimperto
1370 3989 1772 4063 advocatus
1828 3988 1921 4061 de
1958 3988 2251 4063 Felecto
2286 3991 2520 4090 ipsius

334 4090 782 4163 monasterii.
869 4088 1072 4163 luter
1099 4112 1284 4187 quos
1321 4089 1550 4162 etiam
1584 4089 1983 4164 adfuerunt
2030 4089 2373 4165 homines
2427 4093 2519 4173 de
