3034 4900
499 321 512 328 ’
545 333 642 406 54
981 326 1534 406 CHRONlCON
1584 329 2294 408 NOVALICIENSE.

547 513 658 585 Ad
739 513 953 586 huius
1023 536 1202 610 ergo
1279 513 1523 588 Caroli
1602 516 1821 587 funus
1898 513 2203 590 affuisse
2272 515 2525 590 dicunt
2598 515 2731 591 filii

551 613 751 707 eius,
824 611 1040 709 Hugo
1094 614 1370 687 scilicet
1423 613 1612 686 abba
1664 639 1834 687 cum
1886 615 2185 714 reliquis
2238 616 2615 690 fratribus,

687 709 809 785 28.
889 715 1102 788 Circa
1151 713 1378 809 igitur
1427 715 1613 787 haec
1660 725 2042 814 tempora,
2109 739 2277 788 cum
2340 741 2487 792 non
2540 717 2734 790 inter

547 835 629 886 se
700 814 1107 910 aequaliter
1183 814 1606 888 divisissent
1674 814 1803 888 filii
1880 815 2123 890 Caroli
2202 839 2437 913 regna
2504 816 2733 916 patris

549 913 699 1010 sui,
769 927 1014 987 ortum
1067 913 1232 987 ilico
1289 912 1567 986 bellum
1620 909 2009 988 intereos.
2100 917 2301 990 Nam-
2343 917 2415 990 in
2469 940 2731 1018 campo

548 1013 894 1110 quodam,
950 1012 1072 1086 ubi
1128 1015 1370 1087 fontes
1421 1015 1773 1087 nonnulle
1828 1015 2183 1112 oriuntur,
2236 1017 2435 1089 unde
2478 1029 2552 1091 et
2602 1041 2732 1091 no-

545 1137 718 1186 men
790 1114 1072 1213 accepit
1139 1114 1481 1188 videlicet
1532 1114 1985 1212 Fontaneto,
2054 1115 2153 1188 ibi
2219 1140 2508 1214 quoque
2560 1120 2731 1190 con*—

549 1214 825 1309 globati
895 1226 1241 1313 quattuor
1320 1236 1539 1309 reges
1612 1239 1779 1287 cum
1845 1215 2149 1288 chuneis
2218 1219 2371 1290 suis
2442 1218 2733 1291 fortiter

545 1315 864 1388 invicem
931 1314 1408 1407 dimicarunt3
1463 1309 1589 1385 ubi
1644 1314 1884 1387 occisa
1938 1317 2289 1388 nonnulla
2340 1317 2543 1390 milia
2602 1319 2731 1390 ho·-

543 1415 867 1511 mi‘num,
937 1439 1085 1488 non
1138 1415 1508 1487 modicam
1562 1413 1661 1485 ibi
1714 1426 2042 1509 stragem
2104 1414 2485 1492 dederunt.
2592 1417 2732 1506 Qui

546 1514 719 1588 licet
773 1513 986 1588 multi
1041 1537 1133 1586 ex
1198 1525 1507 1613 utraque
1570 1524 1781 1612 parte
1857 1514 2365 1612 occubuerint,
2444 1528 2736 1591 constat

547 1625 794 1687 tamen
849 1614 1320 1689 Hludowicus
1372 1639 1543 1686 cum
1594 1613 1893 1687 Lothari
1946 1615 2125 1710 filio,
2166 1617 2545 1712 ,superatis
2584 1615 2731 1687 fra-

544 1715 819 1811 tribuS,
897 1737 1239 1814 campum
1313 1706 1718 1813 optinuisse
1768 1734 1941 1810 cum
2008 1714 2335 1788 victoria.
2464 1715 2732 1812 Sicque

545 1815 864 1890 victores
918 1815 1208 1912 effecti,
1261 1838 1576 1910 regnum
1628 1813 1967 1888 Italicum
2019 1816 2231 1914 potiti
2287 1827 2473 1890 sunt.

692 1918 812 1990 29.
891 1917 1172 1990 Eodem
1237 1917 1484 2012 itaque
1554 1913 1672 1986 die
1740 1914 2073 1990 diabolus
2141 1915 2529 1989 insidiator
2597 1917 2731 1987 hu·

543 2016 744 2088 mani
797 2016 1134 2111 generis,
1207 2015 1327 2112 qui
1381 2017 1569 2086 haec
1632 2014 1827 2088 inter
1879 2036 2007 2088 eos
2046 2015 2469 2113 perpetrari
2536 2015 2730 2088 fece-

546 2130 699 2210 rat,
752 2114 1104 2188 Romanis
1155 2115 1298 2186 hoc
1349 2113 1629 2187 bellum
1683 2115 2059 2188 nuntiavit.
2149 2115 2345 2210 Ergo
2400 2115 2733 2189 consedit

542 2215 704 2312 ipse
758 2214 834 2287 in
895 2211 1422 2289 excelsioribus
1489 2216 1835 2289 fenestris
1898 2215 2303 2290 aecclesiae
2354 2213 2563 2287 beati.
2599 2215 2732 2287 Pe-

545 2315 666 2410 tri,
721 2316 895 2388 dum
953 2315 1281 2390 canonici
1333 2316 1650 2415 pleniter
1702 2315 2016 2390 offitium
2044 2315 2276 2389 misse
2312 2323 2731 2412 agerentur,

555 2418 814 2491 retulit
884 2416 1028 2490 illis
1094 2439 1364 2513 magna
1434 2439 1657 2510 voce,
1738 2415 1931 2514 quod
1995 2416 2311 2489 Karolus
2369 2415 2609 2490 iunior
2662 2426 2735 2489 et

542 2517 869 2614 Pipinus,
922 2516 1314 2591 Lotharius
1367 2526 1444 2589 et
1477 2515 1951 2589 Hludowicus
2002 2536 2221 2609 reges
2262 2515 2334 2586 in
2382 2514 2732 2588 iamdicto

543 2642 807 2717 campo
888 2618 1122 2715 prelia
1198 2617 1623 2713 agebantur.
1757 2615 1897 2704 Qui
1980 2626 2323 2688 notantes
2394 2612 2590 2686 diem
2652 2624 2732 2685 et

543 2743 793 2813 oram,
846 2718 954 2814 ita
1000 2718 1441 2791 invenerunt
1489 2728 1575 2791 ut
1626 2714 1964 2789 diabolus
2017 2714 2159 2788 illis
2210 2714 2731 2787 insinuaverat.

694 2816 808 2889 30.
877 2816 1054 2888 Erat
1106 2830 1449 2911 preterea
1501 2816 1576 2887 in
1631 2838 1807 2890 arva
1859 2816 2306 2889 Francorum
2358 2826 2731 2888 monaste-

543 2914 737 2987 rium
786 2912 1161 3011 quoddam
1229 2914 1719 3010 ditissimum,
1786 2915 1860 2984 in
1928 2918 2212 2985 honore
2280 2915 2512 2987 sancti
2582 2916 2731 2985 Me-

541 3012 749 3087 dardi
804 3011 1252 3087 confessoris
1305 3008 1719 3109 fundatum,
1769 3012 1967 3108 quod
2019 3035 2256 3108 nuper
2286 3013 2603 3084 Karolus
2635 3010 2730 3083 ob

543 3134 876 3186 amorem
928 3110 1060 3183 filii
1113 3112 1228 3184 sui
1279 3108 1641 3207 lingonis,
1697 3131 1913 3209 quem
1960 3111 2230 3209 oppido
2272 3109 2575 3185 videbat
2622 3109 2731 3183 in-

543 3222 927 3288 crementu
997 3224 1296 3287 sanctae
1359 3210 1739 3307 religionis
1804 3222 1881 3285 et
1948 3210 2349 3285 sanctitatis
2414 3210 2733 3285 ubertim

544 3338 970 3388 excrescere
1023 3325 1098 3386 et
1149 3314 1243 3386 ad
1293 3313 1721 3411 exemplum
1774 3308 1969 3386 beati
2020 3311 2158 3385 viri
2191 3310 2535 3385 Frodoini
2574 3336 2730 3384 ma-

542 3414 756 3513 gistri
809 3416 921 3488 sui
967 3412 1060 3489 de
1113 3411 1232 3487 die
1269 3413 1344 3487 in
1385 3414 1584 3487 diem
1622 3412 2011 3513 proficere,
2064 3411 2291 3509 auxit,
2343 3425 2425 3486 ut
2455 3412 2730 3509 dicunt,

540 3517 758 3613 ipsud
807 3510 1341 3590 monasterium
1395 3512 1813 3609 Novalicio‚
1871 3513 1997 3586 ubi
2050 3513 2209 3612 ipse
2260 3524 2556 3610 preerat
2603 3537 2730 3610 pa-

541 3626 700 3688 ter.'
785 3617 1192 3689 Cantantur
1227 3613 1543 3711 denique
1583 3614 1983 3712 antiphone
2034 3612 2127 3683 de
2178 3614 2511 3710 predicto
2562 3634 2725 3685 con-

541 3716 828 3787 fessore
886 3714 1072 3787 bene
1126 3715 1539 3813 composite
1591 3736 1727 3812 per
1772 3711 2141 3787 abbatiam
2173 3708 2729 3805 NovaliciensiS,

544 3837 732 3911 quae
797 3836 933 3910 per
997 3814 1198 3883 nulla
1275 3814 1418 3887 alia
1486 3814 1936 3888 monasteria
2016 3814 2292 3886 cantari
2358 3810 2726 3904 videntur,

545 3912 868 3986 maxime
920 3912 1112 3983 infra
1151 3934 1463 4007 regnum
1495 3914 1769 3987 Italiae.
1847 3915 2035 3995 Nam
2075 3905 2727 4006 incomparabilem

543 4014 974 4088 thesaurum
1029 4023 1103 4085 et
1155 4010 1585 4109 precipuum
1639 4014 1997 4090 bonorem
2050 4011 2141 4082 ab
2194 4008 2373 4106 ipsis
2422 4007 2726 4105 regibus
