3034 4900
980 356 1254 433 LIBER
1316 358 1781 449 QUARTUS.
2370 363 2470 435 57

389 542 502 616 12.
554 542 662 615 De
703 539 1152 637 revelatione,
1207 543 1564 640 quomodo
1615 567 1693 616 se
1744 544 2036 619 cuidam
2083 544 2349 620 homini
2396 548 2471 618 in

559 645 723 737 ipsa
773 641 959 715 valle
1007 649 1496 718 commanente
1546 646 1951 718 insinuavit.

392 730 506 818 13.
561 742 669 815 De
721 743 1160 816 mortalitate
1209 742 1572 817 hominum
1627 745 1720 818 ab
1772 748 1929 842 ipso
1981 745 2260 820 sedata.

391 845 506 917 14.
561 843 670 916 De
720 867 886 915 ceco
941 843 1034 916 ab
1091 867 1176 916 eo
1226 843 1673 920 inluminata

392 946 508 1018 15.
565 943 670 1016 De
721 950 916 1016 muto
929 1000 951 1038 ,
1006 945 1208 1015 cuius
1248 943 1603 1016 vinculum
1652 943 1887 1039 linque
1938 967 2189 1018 coram
2239 943 2477 1017 multis

567 1043 891 1116 absolvit.

398 1146 509 1219 16.
562 1142 672 1215 De
704 1141 1101 1237 quindecim
1128 1140 1516 1238 paralitici,
1567 1143 1686 1239 qui
1719 1143 1792 1214 in
1826 1166 1960 1216 suo
1992 1146 2274 1218 nomine
2310 1151 2477 1218 sunt

565 1242 819 1315 curati.

396 1343 511 1417 17.
561 1339 672 1414 De
720 1338 1012 1413 muliere
1078 1363 1309 1436 aeqra
1365 1342 1440 1412 in
1493 1341 1774 1414 civitate
1821 1339 2101 1416 Astensi
2148 1342 2475 1416 liberata.

554 1442 664 1515 De
681 1441 1239 1515 successionibus
1255 1441 1601 1515 abbatum
1612 1442 2125 1517 Novaliciensis
2137 1443 2477 1517 coenobii.

564 1543 673 1616 De
739 1540 1040 1638 epistola
1111 1545 1655 1616 ammonicionis
1715 1545 1939 1616 missa
1999 1545 2356 1631 fratribus
2404 1546 2477 1616 in

712 1642 988 1716 solario
1040 1642 1508 1714 morantibus

566 1742 676 1815 De
727 1743 1058 1835 episcopo
1125 1746 1340 1836 atque
1391 1740 1652 1814 abbate
1700 1741 1975 1835 Ioseph.

567 1840 675 1913 De
725 1840 1066 1936 Eriyario
1117 1840 1336 1912 nobili
1383 1843 1561 1936 viro,
1616 1842 1735 1938 qui
1782 1847 2053 1913 curtem
2102 1863 2313 1913 suam
2362 1841 2479 1913 Ve-

717 1939 1082 2014 seneribus
1136 1963 1297 2013 cum
1347 1963 1571 2014 uxore
1620 1941 1769 2014 Lea
1817 1940 2028 2013 beato
2071 1940 2282 2014 Petro
2334 1939 2479 2013 No-

715 2040 1119 2114 valiciensis
1167 2041 1487 2115 tradidit.

573 2140 782 2231 Quod
846 2143 1000 2214 istis
1061 2143 1496 2235 temporibus
1543 2143 1868 2216 maxima
1913 2165 2101 2236 pars
2144 2163 2480 2236 paqano-

721 2263 882 2312 rum
933 2243 1224 2314 navium
1275 2241 1609 2313 vehiculis
1652 2264 1857 2314 mare
1906 2243 2481 2334 transfretantes,

717 2339 1194 2411 Fraoeenetum
1261 2339 1364 2411 ad
1411 2339 1884 2412 habitandum
1944 2341 2248 2434 inpressi
2295 2345 2479 2411 sunt.

577 2438 784 2531 Quod
850 2438 937 2512 de
1001 2439 1248 2513 eodem
1325 2439 1484 2514 loco
1543 2464 1678 2535 per
1740 2440 2038 2514 diversis
2100 2438 2484 2535 provinciis

725 2540 1202 2613 discurrentes
1252 2540 1751 2637 depredabant
1795 2542 2063 2613 omnia.

573 2639 785 2731 Quod
857 2640 946 2713 de
1016 2662 1264 2712 eorum
1337 2646 1527 2712 metu
1593 2641 1803 2712 nimis
1870 2639 2181 2733 pavidus
2257 2638 2488 2711 abbas

719 2739 1222 2812 Domnivertus
1278 2739 1734 2825 Taurinensis
1779 2740 1996 2835 fuyiit
2041 2762 2202 2811 cum
2252 2740 2419 2811 suis.

573 2840 683 2913 De
700 2839 1044 2913 thesaura
1072 2839 1296 2912 multu
1305 2842 1530 2935 ipsius
1545 2838 2059 2913 Novaliciensis
2077 2838 2483 2912 aecclesiae.

570 2941 682 3015 De
716 2939 1060 3037 predictis
1081 2942 1426 3037 paqanis,
1468 2943 1590 3037 qui
1615 2946 1791 3035 post
1812 2940 2199 3014 discessum
2230 2962 2485 3011 mona·

718 3040 1013 3114 chorum
1066 3042 1141 3112 in
1191 3043 1345 3136 ipso
1400 3044 1646 3115 statim
1694 3042 1967 3114 irruere
2019 3038 2383 3114 coenobio.

581 3142 712 3215 Ubi
759 3141 988 3214 multa
1020 3140 1216 3214 bona
1253 3144 1330 3214 in
1365 3142 1685 3239 quodam
1717 3148 1936 3236 puteo
1979 3144 2329 3213 mittentes
2358 3137 2484 3211 ab·

723 3242 1177 3315 sconderunt.

572 3338 679 3410 De
733 3340 1012 3413 duobus
1072 3340 1355 3413 senibus
1407 3345 1621 3434 atque
1668 3337 2062 3412 monachis.

579 3436 790 3527 Quod
840 3440 934 3512 ab
987 3440 1446 3512 armentariis
1497 3444 1569 3511 et
1614 3438 2026 3511 vervicariis
2074 3437 2295 3532 ipsius
2338 3456 2488 3507 mo·

727 3540 1026 3611 nasterii
1081 3544 1255 3633 post
1334 3537 1723 3613 discessum
1805 3559 2275 3634 paqanorum
2354 3536 2491 3631 ipsi

726 3638 1064 3711 monachi
1112 3638 1256 3713 duo
1308 3640 1454 3712 sint
1494 3639 1861 3725 interfecti.

578 3738 686 3811 De
716 3737 1055 3811 thesauro
1083 3738 1404 3833 predicto
1432 3740 1504 3809 in
1536 3739 1814 3809 civitate
1854 3738 2266 3810 Taurinensi
2298 3760 2486 3809 com-

728 3837 1065 3910 mendato
1082 3894 1104 3933 9
1175 3844 1246 3910 et
1291 3838 1573 3909 minime
1619 3844 1873 3933 postea
1926 3843 2369 3932 recuperato.

602 3974 1162 4051 EXPLICIUNT
1232 3974 1689 4051 CAP1TULA
1759 3972 2007 4049 LIBRI
2072 3974 2188 4048 IV.
