3034 4900
997 327 1275 404 LIBER
1331 327 1848 406 SECUNDUS.
2416 335 2507 412 31

329 516 536 592 Unde
589 539 826 614 usque
875 514 950 588 in
1003 513 1443 590 hodiernum
1477 511 1595 586 ibi
1626 513 1913 588 -dicitur
1960 509 2159 590 diem
2210 513 2511 594 Percus-

327 617 436 692 sio
490 619 611 690 vel
659 616 903 690 Ferita
959 613 1284 689 Waltari.
1363 665 1366 673 2
1411 649 1418 656 ·
2366 659 2373 664 ·

529 721 642 792 12.
723 715 923 790 Obiit
972 715 1256 788 interea
1305 713 1420 787 vir
1470 709 1993 808 magnanimus
2046 721 2263 812 atque
2305 716 2509 794 incli-

327 827 446 892 tus
497 841 750 892 comes
803 828 878 890 et
910 818 1102 890 aleta
1130 813 1587 889 Waltharius
1640 836 1871 888 senex
1922 825 1997 888 et
2040 814 2305 911 plenus
2360 818 2507 892 die-

321 940 509 991 rum.
633 919 872 1007 Quem
943 924 1289 989 asserunt
1337 913 1575 986 nostri
1623 913 1899 986 multos
1951 912 2183 988 vixise
2252 940 2509 1014 annos,

320 1042 639 1116 quorum
677 1020 1098 1090 'numerum
1169 1013 1563 1086 collectum
1627 1036 1773 1085 non
1826 1014 2163 1112 repperi,
2235 1018 2369 1090 sed
2435 1017 2509 1090 in

319 1116 604 1191 actibus
657 1118 854 1190 vitae
893 1136 1074 1187 suae
1113 1112 1612 1209 cognoscitur,
1665 1110 1929 1209 quibus
1966 1114 2290 1190 extiterit
2322 1129 2508 1192 tem-

317 1215 646 1314 poribus.
749 1215 886 1288 Hic
952 1213 1143 1287 sicut
1192 1211 1468 1307 legitur
1530 1211 1606 1284 in
1656 1211 1802 1285 hoc
1853 1212 2082 1287 fuisse
2146 1238 2285 1289 evo
2338 1242 2508 1316 pru·

321 1315 614 1389 dentiae
667 1313 996 1413 corporis
1049 1337 1135 1385 ac
1187 1312 1456 1385 decore
1509 1311 1744 1384 vultui
1814 1313 2327 1388 strenuissime
2384 1319 2509 1392 ad·

319 1426 650 1512 ornatuS,
702 1414 801 1489 ita
853 1415 927 1487 in
983 1412 1312 1512 predicto
1345 1411 1798 1485 monasterio
1835 1423 2009 1510 post
2048 1414 2307 1492 militie
2337 1441 2507 1492 con-

315 1515 738 1589 versionem
792 1514 1066 1589 amoris
1105 1512 1569 1587 obedientiae
1606 1519 1684 1585 et
1719 1513 2079 1608 regularis
2124 1514 2507 1617 discipline

313 1615 586 1718 oppido
653 1614 1196 1690 fervidissimus
1249 1613 1480 1686 fuisse
1534 1613 2023 1708 cognoscitur.
2122 1615 2325 1690 Inter
2361 1618 2509 1716 alia

313 1717 576 1808 etiam,
642 1739 784 1812 que
849 1715 1013 1812 ipse
1063 1714 1139 1788 in
1195 1712 1462 1786 eodem
1513 1713 1749 1808 gessit
1800 1714 2281 1814 monasterio,
2333 1717 2509 1794 fecit

313 1815 703 1912 siquidem,
757 1813 934 1886 dum
987 1813 1191 1910 vixit,
1253 1812 1329 1885 in
1381 1813 1811 1904 summitate
1863 1813 2246 1886 cuiusdam
2297 1819 2504 1915 rupis

314 1915 764 2012 sepulcrum,
818 1913 892 1986 in
945 1913 1211 1988 eadem
1259 1924 1472 2011 petra
1510 1910 2090 1985 laboriosissime
2135 1915 2503 2012 excisum3

313 2013 437 2112 qui
503 2026 670 2112 post
731 2038 912 2088 suae
978 2012 1216 2087 carnis
1288 2011 1570 2086 obitum
1640 2012 1713 2085 in
1783 2012 2051 2086 eodem
2103 2037 2269 2088 cum
2324 2039 2503 2115 quo-

311 2115 484 2190 dam
521 2127 788 2214 nepote
823 2139 986 2212 suo,
1043 2113 1338 2212 nomine
1377 2112 1712 2207 Rataldo,
1750 2113 2240 2209 cognoscitur
2271 2116 2501 2194 fuisse

311 2214 668 2314 sepultus.
805 2213 941 2286 Hic
1011 2213 1208 2287 filius
1277 2213 1419 2286 fuit
1482 2212 1615 2285 filii
1688 2213 2120 2310 Waltharii,
2199 2217 2501 2291 nomine

309 2314 681 2408 Ratherii,
751 2335 974 2410 quem
1037 2312 1328 2410 peperit
1375 2311 1452 2382 ei
1507 2310 1931 2406 Hildegund
1983 2315 2503 2414 prenominata

309 2412 581 2514 puella.
684 2412 967 2486 Horum
1021 2435 1200 2510 ergo
1252 2411 1585 2485 virorum
1639 2435 1811 2485 ossa
1862 2422 2035 2511 post
2063 2414 2341 2491 multos
2372 2439 2499 2489 an·-

310 2537 446 2587 nos
500 2512 986 2587 defunctionis
1041 2537 1222 2587 suae
1273 2512 1665 2611 sepissime
1718 2511 2023 2587 visitans
2079 2538 2213 2613 pre
2267 2517 2499 2591 mani-

307 2614 447 2687 bus
523 2613 764 2687 habui.
894 2615 1084 2685 Nam
1152 2613 1368 2685 huius
1435 2611 1780 2684 Rathaldi
1848 2612 2110 2711 capitis
2179 2617 2499 2713 quedam

307 2713 577 2787 nobilis
609 2724 975 2809 matrona,
1032 2735 1201 2795 cum
1254 2713 1381 2786 illo
1431 2735 1655 2785 causa
1707 2711 2058 2787 orationis
2110 2738 2280 2787 cum
2333 2716 2497 2792 aliis

308 2814 776 2887 convenisset
853 2836 942 2884 ex
1006 2811 1261 2885 Italiae
1327 2812 1589 2908 tellus,
1665 2813 1953 2887 occulte
2021 2813 2096 2887 in
2174 2813 2497 2891 braciale

306 2914 697 3011 supposuit
761 2938 935 3007 suo,
1003 2923 1222 3011 atque
1273 2911 1365 2985 ad
1434 2912 1808 3009 quendam
1876 2925 2203 2989 castrum
2279 2941 2496 2992 suum

305 3013 742 3114 deportavit.
846 3012 1060 3104 Quod
1117 3037 1284 3085 cum
1338 3012 1657 3111 quadam
1712 3012 1831 3086 die
1884 3011 2057 3110 igne
2109 3019 2495 3115 supposito

302 3124 922 3210 concremaretur,
973 3122 1146 3213 post
1195 3114 1432 3187 multa
1483 3112 1951 3189 adustionem
1996 3115 2207 3193 illum
2250 3142 2494 3197 recor-

303 3214 487 3287 dans
553 3214 794 3312 capite
859 3215 1062 3287 foras
1127 3214 1350 3288 traxit
1407 3226 1627 3313 atque
1680 3225 1933 3289 contra
1982 3214 2157 3311 igne
2219 3218 2491 3314 tenuit3

303 3313 422 3411 qui
475 3336 649 3385 mox
703 3312 1010 3387 mirifice
1064 3313 1386 3388 extint'us
1441 3325 1575 3388 est.
2457 3329 2463 3338 ·

455 3412 571 3485 13.
626 3412 800 3485 Post
863 3412 1111 3510 itaque
1177 3413 1677 3489 incursionem
1728 3435 2233 3513 paganorum,
2296 3441 2489 3515 quae

299 3509 560 3583 ultima
627 3511 1038 3608 contigerat
1069 3514 1256 3586 vice
1325 3525 1719 3613 antequam
1770 3514 2063 3587 hisdem
2114 3514 2321 3590 locus
2372 3542 2491 3591 re-

299 3610 849 3709 aedificaretur,
903 3612 1388 3710 ignorabatur
1427 3614 1727 3688 omnino
1765 3612 2187 3710 supradicta
2238 3622 2488 3717 sepul-

298 3723 463 3786 tura
512 3711 903 3786 waltharii
973 3713 1066 3785 ab
1131 3712 1393 3787 incolis
1443 3714 1627 3807 loci,
1696 3713 1885 3787 sicut
1935 3726 2225 3791 ceteras
2278 3718 2487 3794 alias.

297 3812 620 3911 Eratque
683 3824 860 3888 tunc
922 3812 1148 3886 vidua
1212 3811 1510 3912 nomine
1579 3814 1995 3889 Petronilla·
2049 3815 2489 3900 infcizvitato

297 3910 684 4009 Sigusina,
763 3934 954 4010 quae
1026 3912 1121 3984 ob
1189 3912 1496 3986 nimiam
1564 3926 2025 3990 senectutem
2094 3928 2331 3991 totam
2404 3932 2485 3996 ut

296 4012 544 4087 ferunt
577 4012 991 4087 -incedebat
1065 4037 1434 4110 curvam&
1475 4014 1680 4089 cuius
1747 4020 2035 4113 quoque
2086 4019 2279 4092 oculi
2332 4018 2487 4093 iam

294 4132 486 4207 pene
535 4114 1054 4211 caligaverant.
1159 4114 1364 4188 Haec
1410 4139 1594 4189 vero
1640 4115 1911 4189 mulier
1948 4115 2205 4191 habuit
2242 4118 2479 4195 filium
