3034 4900
990 374 1265 447 LIBER
1283 411 1288 419 ‚
1306 373 1755 490 QUINTUS.
2346 377 2443 449 77

263 557 670 656 periuntur,
725 567 904 653 quot
955 580 1101 626 non
1156 555 1631 628 inveniuntur
1664 557 1826 629 loco
1867 556 1941 627 in
1977 557 2147 628 ullo,
2228 558 2444 630 Prae-

261 669 376 730 ter
446 682 628 754 quos
699 667 814 729 est
864 655 962 727 ibi
1029 655 1228 728 latex
1295 656 1637 750 quidam,
1716 657 1894 726 olim
1944 668 2247 729 vocatus
2300 657 2445 728 Im-

261 757 467 854 piuS,
539 757 661 828 ubi
714 757 906 828 inter
956 753 1224 828 fluctus
1291 755 1809 852 conspicantur
1860 757 2239 829 caeruleas
2293 755 2443 829 sili-

264 879 422 950 ces.,
493 855 721 928 veluti
790 855 1290 928 madefactum
1359 853 1839 948 sanguinem3
1921 879 2065 951 quo
2134 855 2209 927 in
2279 856 2443 928 loco

261 957 474 1029 multi
510 957 840 1027 referunt
881 977 1052 1026 cesa
1087 955 1317 1025 fuisse
1363 966 1786 1025 sanctorum
1829 977 2160 1051 corpora.
2266 956 2445 1026 Tra-

263 1054 446 1127 dunt
481 1057 718 1149 multi,
775 1054 943 1148 quia
999 1053 1138 1125 fuit
1197 1051 1452 1125 civitas
1501 1053 1747 1150 prisco
1810 1052 1885 1124 in
1936 1065 2311 1150 tempore3
2368 1061 2445 1124 et

262 1163 342 1225 ut
391 1177 568 1225 vere
621 1152 1004 1250 credatur,
1053 1153 1474 1248 exemplum
1528 1152 1905 1246 hystoriae
1956 1153 2331 1225 Romanae
2367 1151 2443 1224 in

263 1251 511 1323 medio
566 1251 1032 1349 proferimus.
1137 1251 1326 1324 Dicit
1377 1252 1611 1324 enim:
1679 1251 1787 1322 De
1817 1251 2031 1323 malis
2062 1253 2260 1346 apud
2279 1251 2443 1324 Pol-

263 1350 548 1422 lentiam
601 1353 816 1445 yestis
863 1352 1264 1446 satayimus
1314 1351 1547 1422 dicere
1600 1350 2136 1446 aliquantisper.
2266 1351 2441 1440 Qui-

263 1451 434 1522 dam
487 1463 734 1523 autem
789 1472 942 1542 reX,
997 1451 1295 1523 nomine
1345 1451 1570 1523 Attila
1622 1451 2034 1546 Flagellum
2090 1451 2257 1546 Dei7
2312 1451 2439 1522 ob-

260 1550 454 1622 sedit
505 1573 668 1622 eam
737 1550 988 1622 multis
1043 1551 1292 1644 annis3
1365 1550 1456 1621 ad
1507 1551 1848 1624 ultimum
1902 1551 2091 1647 cepit
2142 1574 2309 1622 eam
2366 1562 2453 1624 et

259 1649 461 1722 misit
511 1648 873 1720 maceries
929 1651 1087 1722 eius
1141 1673 1372 1744 usque
1425 1649 1499 1719 in
1554 1658 1848 1720 terram.

409 1749 526 1820 30.
607 1749 769 1818 Non
805 1747 972 1818 ideo
1009 1748 1585 1844 propagavimus
1622 1770 2008 1824 sermones
2031 1801 2052 1840 .,
2108 1759 2187 1820 ut
2219 1747 2443 1842 digna

257 1848 453 1918 facta
491 1845 740 1916 domni
777 1845 1094 1920 Gezonis
1133 1871 1486 1919 conemur
1537 1845 1957 1939 obmittere⁷
2012 1845 2216 1916 cuius
2255 1856 2441 1917 tem-

259 1944 560 2042 poribus
629 1946 814 2016 haec
882 1945 1244 2042 adquisita
1309 1958 1499 2018 sunt.
1634 1943 1913 2017 Idcirco
1998 1943 2441 2017 intrinsecus

257 2045 442 2116 haec
510 2045 933 2142 posuimus⁷
1001 2057 1082 2118 ut
1133 2045 1364 2119 illatio
1417 2047 1603 2117 haec
1655 2044 2147 2138 demonstret,
2218 2066 2441 2141 quam

256 2144 705 2216 mordaciter
779 2145 937 2216 eius
1008 2147 1201 2218 facta
1271 2159 1631 2218 tenemus.
1758 2143 2057 2216 Virtutis
2120 2143 2441 2238 insignia

255 2243 484 2340 ipsius
555 2245 702 2314 tale
771 2255 1236 2316 ostentamen
1302 2244 1580 2341 primas
1646 2241 1986 2314 ostendit.
2090 2242 2169 2312 In
2242 2242 2441 2314 bivio

256 2343 400 2413 hoc
451 2363 666 2413 secus
697 2363 953 2412 muros
988 2343 1326 2438 civitatis,
1381 2341 1455 2411 in
1501 2342 1775 2434 angulo
1811 2341 2168 2412 ecclesiae
2206 2340 2441 2412 sancti

255 2440 636 2536 Andreae⁷
705 2439 1018 2513 occurrit
1069 2443 1135 2514 ei
1202 2442 1498 2539 quidam
1564 2439 2059 2513 circumdatus
2110 2441 2310 2512 ferro
2363 2439 2439 2511 in

259 2542 546 2612 femure
615 2551 688 2612 et
738 2539 812 2611 in
865 2540 1200 2614 brachiis.
1307 2543 1547 2629 Quem
1584 2551 1667 2611 ut
1697 2540 1957 2613 beatus
1992 2540 2177 2611 vidit
2210 2541 2437 2634 Gezo⁷

257 2640 620 2713 miserans
674 2639 779 2710 illi
837 2642 1276 2737 propensius
1329 2662 1721 2735 oransque,
1777 2651 1859 2711 ut
1910 2651 2068 2712 erat
2116 2639 2439 2732 benigno

258 2738 560 2833 afflata,
630 2738 1022 2812 lacrimans
1093 2752 1170 2813 et
1237 2739 1689 2813 orationibus
1765 2740 2089 2833 instem,
2172 2760 2440 2809 manus·-

255 2838 577 2911 hominis
631 2838 705 2909 in
747 2862 920 2911 suas
955 2841 1246 2937 palmas
1286 2838 1616 2911 inflectit.
1718 2838 1841 2911 Sic
1890 2838 1979 2909 ab
2022 2862 2111 2910 eo
2154 2835 2441 2934 pepulit

255 2938 430 3009 ferri
498 2937 806 3031 circula3
877 2962 1094 3011 cruor
1159 2940 1310 3012 exit
1373 2938 1692 3036 passim,
1763 2948 1839 3009 et
1906 2937 2243 3009 mem-bra
2297 2936 2487 3008 viri.

254 3037 665 3111 solidantur
715 3038 793 3109 in⁷
843 3039 1232 3135 pristinum
1287 3050 1584 3113 statum.
1687 3038 1842 3109 Iam
1881 3060 2059 3109 vero
2098 3060 2269 3109 caro
2312 3036 2439 3106 de-

251 3146 536 3209 texerat
589 3140 866 3209 ferrum
930 3139 1146 3237 illud,
1227 3150 1300 3212 et
1365 3139 1549 3212 cutis
1614 3160 2183 3235 supercrescens
2251 3135 2435 3207 inte-

253 3235 406 3307 rius
457 3235 811 3331 puttebat.

405 3333 520 3406 31.
599 3332 786 3403 Item
853 3337 1270 3430 preclarum
1335 3336 1493 3405 eius
1563 3332 2005 3403 miraculum
2072 3341 2433 3403 narratur.

253 3432 469 3503 Forte
540 3431 840 3529 accidit,
909 3446 988 3505 ut
1052 3432 1441 3528 aliquando
1506 3431 1941 3503 adventaret
2011 3429 2105 3503 ad
2164 3430 2438 3523 vicum,

255 3529 462 3603 cuius
516 3554 785 3602 nomen
841 3542 955 3603 est
1005 3532 1446 3629 Supunicus.,
1503 3556 1721 3604 causa
1764 3529 2219 3627 hospitandi3
2274 3539 2441 3601 erat

253 3630 451 3705 enim
507 3629 598 3700 de
652 3629 872 3703 rebus
925 3630 1155 3728 ipsius
1209 3631 1587 3705 ecclesiae.
1691 3630 2009 3703 Ubi-non
2044 3638 2217 3727 post
2244 3630 2435 3701 mul-

251 3743 413 3805 tum
476 3728 692 3800 Wido
762 3732 1090 3802 marchio
1153 3732 1359 3803 venit
1410 3733 1781 3823 fremens,
1848 3739 1931 3800 ut
1980 3730 2139 3823 leo5
2212 3752 2436 3826 quem

252 3830 410 3902 iure
464 3850 862 3926 possumus
929 3852 1292 3925 coequat-e
1357 3829 1591 3925 leoni,
1656 3841 1727 3902 et
1790 3827 2203 3925 inpenitens
2270 3830 2431 3900 the-

255 3928 670 4001 saurizabat
707 3926 842 3999 sibi
882 3927 1070 4000 iram
1123 3929 1194 4000 in
1249 3928 1368 4001 die
1417 3929 1594 4001 irae.
1698 3928 1837 4001 Ubi
1889 3929 2067 4000 dum
2122 3928 2431 4021 veniret⁷

253 4027 528 4100 audivit
578 4027 936 4100 domnum
1001 4029 1375 4101 Gezonem
1443 4028 1541 4101 ibi
1599 4028 1903 4120 adesse3
1976 4052 2123 4099 non
2180 4025 2432 4099 formi-

252 4124 453 4199 davit
518 4128 689 4222 quin
759 4152 801 4199 a
881 4127 1202 4225 propriis
1267 4127 1593 4200 vernulis
1661 4128 2032 4224 expellere
2112 4126 2433 4200 fecisset.
