3034 4900
551 331 648 406 28
985 323 1538 402 CHRONICON
1589 327 1653 401 Ν
1658 327 2158 408 OVALICIEN
2164 333 2299 409 SE.

543 516 784 586 lentes
837 535 918 604 se
971 522 1046 586 et
1096 532 1266 605 sua,
1332 508 1801 588 incurrerunt
1861 517 1934 588 in
1988 517 2347 592 maiorem
2412 519 2725 618 ignomi-

541 612 785 710 niam,
850 610 1250 710 perdentes
1301 611 1569 682 omnia.
1674 613 1813 700 Qui
1866 617 2118 689 statim
2171 619 2471 696 mittunt
2520 625 2723 721 lega,

539 726 700 788 tum
751 711 844 784 ad
897 709 1472 807 monasterium5
1550 709 1670 809 qui
1722 713 1865 787 ista
1916 718 2298 792 nunciaret
2348 721 2595 797 abbati
2648 738 2725 802 et

539 812 912 888 fratribus.
2710 879 2715 884 .

691 915 807 987 11.
856 910 1105 985 Abhas
1158 922 1409 984 autem
1460 932 1634 982 mox
1672 909 1889 986 iussit
1930 919 2367 1012 congregari
2420 920 2717 1020 fratres,

534 1012 799 1112 quibus
849 1011 1245 1085 insinuavit
1294 1034 1598 1084 omnem
1644 1011 1751 1084 rei
1788 1024 2156 1088 eventum.
2256 1019 2435 1092 Erat
2468 1033 2719 1096 autem

529 1127 709 1188 tunc
762 1123 970 1212 pater
1036 1109 1637 1206 congregationis
1702 1112 2037 1186 eiusdem
2093 1119 2521 1192 monasterii
2585 1146 2716 1194 no·

529 1214 729 1288 mine
782 1211 1200 1308 Asinarius.,
1251 1211 1382 1282 ·vir
1427 1210 1833 1284 sanctitatis
1884 1214 2272 1313 egregiuS,
2322 1217 2715 1296 Francicus

525 1337 844 1410 genere,
895 1310 1149 1383 multis
1219 1309 1514 1404 fulgens
1582 1309 1994 1386 virtutibus.
2110 1315 2242 1388 Cui
2305 1341 2473 1392 cum
2526 1346 2715 1396 unus

523 1412 824 1498 nomine
851 1409 1276 1502 waltarius,
1331 1409 1444 1482 cui
1501 1409 1842 1506 superius
1891 1415 2345 1494 memoriam.
2374 1419 2709 1518 fecimuS,

525 1510 1060 1610 respondisset,
1112 1519 1193 1583 ut
1245 1509 1677 1604 diligeretur
1727 1509 1877 1584 illic
1926 1513 2555 1616 predi-ctuspater
2590 1543 2707 1592 sa-

521 1615 812 1711 pientes
864 1611 1160 1700 fratres.,
1216 1609 1308 1683 ob
1363 1633 1678 1707 quorum
1711 1613 2241 1708 precacionem*
2270 1619 2455 1691 tanti
2504 1643 2705 1694 sum-

519 1712 679 1812 ptui
733 1711 1194 1785 dimitterent
1241 1709 1566 1782 iamdicti
1618 1711 1986 1807 predones
2039 1714 2532 1792 invasionem:
2588 1743 2702 1793 re-

519 1813 819 1911 spondit
870 1810 1207 1908 protinus
1259 1810 1502 1884 eidem
1557 1810 1785 1884 abbas
1816 1825 1895 1888 et
1934 1812 2071 1886 ait:
2136 1815 2354 1904 Quem
2391 1818 2703 1913 pruden-

515 1916 771 1987 tiorem
823 1917 893 1984 ct
937 1911 1441 2005 sapientiorem
1504 1916 1571 1982 te
1621 1913 1895 1990 mittere
1940 1917 2341 2010 possimus,
2410 1921 2701 1992 omnino

515 2016 957 2109 iynoramus.
1066 2010 1156 2082 Te
1207 2016 1468 2103 autem,
1519 2011 1793 2104 frater,
1862 2033 2114 2084 moneo
2168 2036 2260 2084 ac
2308 2016 2555 2111 iubeo,
2618 2023 2705 2090 ut

513 2113 809 2186 celerius
873 2110 974 2190 ad
1032 2106 1160 2182 eos
1211 2133 1551 2205 per-qus„
1584 2109 1921 2204 nobisque
1978 2112 2243 2190 victum
2294 2117 2364 2186 vi
2411 2121 2699 2210 raptum

511 2215 937 2312 quantocius
970 2210 1265 2283 reddere
1297 2212 1630 2297 festinent
1650 2216 1980 2302 monet05
2020 2211 2333 2308 alioquin
2366 2217 2695 2290 citissime

507 2318 582 2386 in
629 2315 842 2409 yravi
887 2315 1005 2388 ira
1053 2312 1434 2384 incurrant
1475 2310 1630 2383 Dei.
1732 2313 1829 2386 At
1878 2311 2297 2390 Waltarius.
2335 2340 2503 2390 cum
2554 2317 2693 2392 sci-

507 2426 624 2489 ret
678 2410 1124 2487 conscientie
1191 2434 1323 2483 sue
1383 2410 1681 2485 illorum
1751 2413 2213 2486 contumacia
2272 2417 2473 2491 ferre
2543 2442 2691 2498 non

504 2538 756 2615 posse,
810 2509 1223 2611 respondit,
1283 2534 1368 2585 se
1421 2509 1944 2583 denudandum
1997 2512 2313 2611 abipsis
2364 2516 2691 2589 tunicam

506 2640 728 2713 quam
796 2611 1160 2709 gestabat.
1287 2610 1665 2686 Predictus
1716 2634 1896 2682 vero
1950 2625 2203 2709 pater,
2267 2638 2436 2687 cum
2470 2628 2691 2694 -esset

501 2715 936 2808 religiosus,
1008 2712 1146 2785 ait:
1224 2709 1304 2781 Si
1367 2711 1857 2783 abstraxerint
1920 2736 1968 2783 a
2036 2719 2101 2785 tc
2164 2716 2514 2811 tunicam,
2584 2715 2689 2789 da

499 2812 637 2886 illis
690 2818 760 2885 et
806 2810 1182 2903 cucullam,
1235 2808 1474 2883 dicens
1516 2817 1927 2905 preceptum
1979 2812 2103 2909 tibi
2148 2816 2370 2899 fuisse
2424 2840 2473 2887 a
2525 2817 2686 2902 fra-

498 2912 742 2985 tribus.
846 2910 978 2985 Cui
1021 2909 1450 2981 Waltarius:
1509 2910 1709 3003 Eryo
1760 2909 1849 2980 de
1892 2910 2179 3001 pellicia
2230 2936 2322 2985 ac
2372 2914 2461 2985 de
2508 2917 2683 2986 inte-

493 3012 660 3085 rula
711 3010 882 3108 quid
925 3011 1258 3096 facturus
1307 3008 1535 3082 sum?
1580 3008 1985 3107 Respondit
2031 3011 2500 3085 venerandus
2552 3038 2681 3111 pa*-

493 3126 612 3187 ter
663 3123 738 3187 et
789 3110 928 3183 ait:
996 3108 1268 3203 Dicito,
1331 3114 1404 3182 et
1447 3131 1551 3181 ex·
1581 3107 1719 3181 illis
1770 3108 1892 3181 tibi
1945 3131 1993 3180 a
2049 3110 2403 3196 fratribus
2456 3136 2679 3209 aeque

495 3238 545 3287 a
595 3211 948 3299 fratribus
997 3210 1216 3296 fuisse
1252 3210 1702 3305 imperatum.
1808 3210 2010 3282 Tunc
2044 3210 2483 3285 Waltar‘ius:
2541 3214 2679 3286 Ob-

492 3326 720 3410 secro,
771 3314 872 3387 mi
923 3310 1225 3405 domine,
1279 3333 1365 3383 ne
1415 3310 1789 3403 irascaris,
1842 3310 1907 3381 si
1955 3308 2145 3407 loqui
2180 3311 2478 3385 addere.
2566 3313 2675 3385 De

490 3412 879 3501 femoralia
943 3410 1114 3509 quid
1161 3411 1332 3505 erit,
1401 3412 1464 3482 si
1530 3408 1848 3481 similiter
1895 3408 2247 3483 voluerint
2301 3414 2547 3497 facere
2597 3420 2677 3485 ut

488 3516 692 3607 prius
739 3511 1107 3598 fecerunt?
1204 3510 1296 3583 Et
1347 3510 1617 3584 abbas:
1684 3509 1847 3582 Iam
1913 3510 2039 3583 tibi
2094 3511 2425 3604 predicta
2474 3514 2673 3601 suffi-

489 3614 632 3685 tiat
687 3612 1087 3683 humilitas.-
1154 3634 1326 3683 nam
1397 3610 1484 3683 de
1543 3609 2011 3696 femoralibus
2074 3611 2199 3683 tibi
2264 3611 2467 3685 aliud
2526 3634 2673 3685 non

481 3711 898 3807 precipiam,
953 3732 1110 3780 cum
1159 3734 1434 3804 mayna
1484 3711 1691 3783 nobis
1729 3710 2055 3783 videatur
2091 3712 2251 3797 fore
2310 3711 2671 3786 humilitas

479 3813 811 3905 priorum
856 3811 1147 3883 vestium
1191 3810 1597 3902 expoliatio.
1680 3810 1959 3893 Exiens
2010 3836 2187 3883 vero
2242 3812 2669 3908 WaltariuS,

487 3934 656 3988 curn
707 3907 886 3984 talia
938 3905 1266 3980 audisset
1303 3932 1346 3979 a
1389 3920 1597 3982 tanto
1684 3920 1968 4005 atrono.,
2023 3910 2267 4005 coepit
2302 3932 2345 3979 a
2386 3910 2669 3983 familia

487 4010 858 4110 queritare
894 4006 1350 4102 monasterii,
1403 4032 1496 4079 an
1531 3935 1932 4083 hageretur
1965 4007 2063 4080 ibi
2106 4006 2495 4105 caballum,
2550 4010 2665 4083 cui

483 4110 750 4186 fiducia
784 4108 1063 4185 inesset
1093 4106 1438 4207 bellandi,
1485 4109 1555 4183 si
1590 4108 1992 4185 necessitas
2038 4118 2443 4204 cogeretur.
2532 4110 2665 4185 Cui

3004 3894 3006 3897 l
3004 3836 3006 3845 -
3004 3796 3006 3805 -
2990 3664 3007 3757 Λ..ῌΔ
