3034 4900
956 383 1232 457 LIBER
1287 383 1803 458 SECUNDUS.
2372 388 2467 462 33

194 644 201 650 ,
280 568 453 642 chus
491 570 726 654 frater
765 567 1046 660 Leonis,
1098 566 1324 637 sotius
1360 567 1596 638 sancti
1644 565 1835 638 Petri
1880 563 2051 637 Veri.
2130 568 2466 642 Alterum

277 693 458 740 vero
511 693 658 740 non
713 689 1274 739 remmlscimus.
1588 733 1591 736 ,
1976 742 1983 750 ,

431 769 546 842 15.
601 768 685 839 In
729 766 994 840 eodem
1040 765 1356 861 denique
1387 765 1929 838 monasterium
1970 765 2249 838 multae
2282 767 2469 842 fiunt

281 889 580 966 semper
630 879 1054 940 sanctorum
1105 863 1589 960 visitationes,
1642 889 1786 960 que
1826 865 2215 961 sepissime
2257 866 2469 942 bonis

279 966 662 1040 monachis
717 978 792 1039 et
845 961 1406 1061 simplitioribus
1458 961 1883 1035 hominibus
1929 977 2307 1061 apparent.
2408 970 2471 1040 A

279 1066 545 1162 quibus
591 1063 965 1138 nonnullis
1003 1061 1274 1157 audivi,
1326 1058 1643 1133 Domino
1678 1073 1894 1157 teste,
1938 1067 2244 1162 referre,
2300 1066 2471 1163 quia

281 1175 490 1238 tanta
540 1165 758 1237 turba
799 1161 1182 1235 beatorum
1232 1160 1619 1232 hominum
1663 1160 2078 1233 albatorum
2114 1164 2214 1236 ibi
2256 1164 2469 1240 bonis

183 1313 188 1318 -
281 1274 643 1362 apparent
706 1263 780 1334 in
848 1260 1140 1334 silentio
1213 1260 1492 1352 noctis,
1563 1271 1830 1356 quanta
1886 1261 1961 1334 si
2031 1263 2325 1347 videres
2380 1289 2470 1338 ex

282 1365 578 1436 civitate
629 1362 873 1459 aliqua
925 1383 1186 1432 omnes
1239 1360 1376 1432 viri
1429 1369 1506 1432 et
1540 1359 1816 1432 femine
1853 1360 2076 1433 simul
2126 1388 2469 1462 pergere,

283 1463 471 1536 sicut
505 1461 786 1536 faciunt
824 1460 1221 1535 christicoli
1261 1471 1601 1557 tempore
1640 1460 2137 1557 rogationum,
2175 1466 2468 1560 quando

282 1575 604 1660 pergunt
655 1585 790 1662 per
851 1559 1164 1634 eclesias
1215 1572 1641 1633 sanctorum
1691 1561 2018 1656 sufragia
2072 1560 2248 1658 flagi
2304 1621 2319 1636 .
2378 1621 2394 1636 .

285 1714 2467 1736 ·······························

437 1759 662 1852 (17.)⁴
683 1813 1277 1830 .........
1329 1757 1678 1855 patrici0,
1748 1758 1869 1854 qui
1922 1740 2015 1832 'et
2083 1761 2244 1856 ipse
2297 1787 2473 1834 mox

284 1858 592 1932 tradidit
635 1857 877 1930 eidem
927 1858 1088 1930 loco
1134 1867 1353 1953 atque
1407 1856 1679 1952 abbati,
1733 1881 1868 1954 pro
1907 1880 1993 1928 eo
2036 1859 2205 1970 quia
2239 1885 2472 1958 prope

287 1969 448 2031 erat
519 1958 612 2030 de
678 1955 1000 2030 iamdicti
1075 1955 1449 2051 coenobii,
1542 1968 1616 2030 et
1678 1955 1807 2028 ille
1879 1957 2473 2058 archieplscopus

283 2057 564 2155 recepit
614 2059 980 2157 prefatam
1033 2058 1298 2130 cellam
1344 2057 1761 2155 puellarum
1814 2058 2175 2132 vocabulo
2220 2059 2471 2134 Sancti

289 2157 485 2232 Petri
538 2157 611 2231 in
667 2183 801 2232 sua
856 2157 1176 2230 civitate.

443 2277 556 2348 18.
611 2276 797 2346 Cum
850 2285 1099 2346 autem
1149 2272 1264 2344 vir
1311 2271 1766 2344 clarissimus
1820 2283 2040 2370 atque
2092 2287 2343 2348 mente
2400 2289 2479 2350 et

287 2373 511 2446 rebus
543 2372 702 2446 Deo
745 2371 1154 2446 ditissimus
1205 2371 1351 2442 iam
1408 2371 1829 2470 sepedictus
1883 2372 2255 2472 patricius,
2294 2399 2479 2448 ⁴cum

288 2484 550 2547 cuncta
620 2473 1052 2569 donatione,
1123 2495 1311 2569 quae
1385 2496 1476 2544 ex
1532 2473 1685 2545 suis
1738 2472 2003 2569 opibus
2058 2484 2133 2545 et
2180 2475 2480 2550 ‘ruribus

288 2575 445 2648 sive
498 2574 734 2646 servis
789 2585 864 2646 et
915 2572 1226 2667 ancilliS,
1297 2571 1560 2667 quibus
1628 2571 1846 2642 beato
1898 2572 2117 2644 Petro
2184 2576 2479 2647 Novali-

293 2672 522 2746 ciensi
577 2671 1031 2746 monasterio
1083 2670 1530 2765 tradiderat,
1603 2692 1823 2766 quem
1876 2669 2057 2767 sibi,
2127 2683 2205 2746 ut
2256 2696 2481 2771 supra

289 2772 514 2845 locuti
558 2796 840 2867 sumus,
881 2770 1240 2844 heredem
1265 2780 1514 2842 mente
1545 2768 1811 2843 devota
1839 2768 2177 2864 instituit,
2209 2774 2481 2847 timens

291 2893 386 2944 ne
457 2869 849 2970 aliquando
914 2880 1085 2969 post
1133 2869 1373 2942 multa
1425 2892 1786 2941 annorum
1849 2870 2209 2944 curricula
2260 2874 2479 2973 ipsud

289 2972 827 3045 monasterium
881 2994 922 3042 a
977 2970 1491 3067 qualicumque
1528 2980 1753 3065 gente
1788 2983 2227 3068 vastaretur,
2282 2974 2479 3071 quod

291 3084 364 3144 et
414 3084 529 3143 ter
574 3072 704 3144 eu!
759 3072 1038 3144 factum
1086 3069 1321 3144 fuisse
1374 3068 1732 3165 legimus:
1787 3071 2115 3169 precepit
2169 3097 2258 3151 ex
2312 3097 2479 3145 can-

291 3170 693 3245 didissimis
743 3170 1238 3243 marmoribus
1301 3179 1376 3243 et
1428 3168 1741 3243 diversis
1794 3170 2123 3267 lapidum
2190 3174 2481 3265 generi-

289 3270 431 3341 bus
473 3270 660 3342 mire
697 3269 1264 3367 pulchritudinis
1312 3281 1386 3342 et
1425 3268 1831 3342 altitudinis
1868 3268 2144 3339 elevari
2178 3270 2484 3341 archum

290 3368 368 3439 in
421 3368 766 3464 Sigusina
821 3370 1143 3463 civitate,
1198 3369 1470 3442 herens
1522 3390 1777 3438 muros
1830 3365 2062 3464 ipsius
2114 3366 2207 3438 de
2263 3370 2482 3465 foris3

297 3466 432 3539 sub
509 3492 652 3562 quo
721 3468 904 3539 olim
954 3467 1333 3540 terebatur
1397 3467 1555 3561 via,
1624 3490 1763 3563 qua
1817 3466 2233 3539 vehebatur
2285 3468 2486 3541 iuxta

295 3566 790 3663 aqueductum
831 3580 1001 3639 ante
1055 3578 1380 3639 castrum
1429 3565 1885 3637 Viennensis.
1990 3566 2074 3637 In
2122 3591 2264 3663 quo
2312 3570 2489 3643 fecit

297 3689 387 3738 ex
443 3663 804 3737 ambabus
873 3664 1198 3739 scribere
1252 3664 1626 3764 partibus,
1707 3688 1895 3760 quae
1963 3677 2035 3738 et
2085 3680 2356 3763 quanta
2412 3669 2484 3741 in

293 3766 456 3863 ipsa
510 3764 800 3838 civitate
855 3776 930 3837 et
980 3764 1055 3836 in
1099 3775 1257 3835 tota
1307 3762 1504 3834 valle
1560 3763 1969 3836 tradiderat
2020 3766 2294 3839 herede
2350 3793 2486 3841 suo

295 3863 512 3937 beato
583 3862 840 3958 Petr03
919 3873 1000 3936 ut
1067 3862 1129 3935 si
1197 3862 1590 3959 aliquando
1654 3863 2057 3939 invidiante
2122 3867 2245 3937 vel
2313 3867 2487 3940 inci-

294 3976 496 4037 tante
550 3964 843 4036 diabolo
918 3963 1452 4035 monasterium
1516 3964 1732 4062 ipsud
1786 3964 2339 4062 destrueretur,
2410 3978 2491 4044 ut

294 4064 636 4135 monachi
708 4062 828 4161 qui
904 4062 1178 4135 ibidem
1259 4062 1530 4135 iterum
1612 4062 2086 4137 aedificantes
2157 4064 2491 4138 habitare

297 4162 616 4259 vellent,
693 4164 770 4235 in
855 4162 1183 4262 predicto
1263 4160 1665 4237 lectitando
1744 4163 2164 4236 invenirent
2232 4165 2487 4259 -arch0,

1784 4280 1828 4354 3
