3034 4900
599 327 698 400 76
1053 326 1601 402 CHRONICON
1654 326 2360 403 NOVALICIENSE.

596 522 750 584 tam
791 506 1093 582 sedulus
1162 508 1236 578 in
1289 508 1622 581 oratione
1673 533 1895 604 quam
1948 509 2020 580 in
2077 510 2433 604 lectione,
2492 533 2772 583 memo-

595 620 802 682 rator
841 607 1158 705 exempli
1199 608 1617 705 apostolici.
1682 606 1798 678 Vn·
1844 631 1992 680 non
2035 610 2412 695 refrenans
2453 609 2777 706 linquam

595 732 848 800 suam,
901 729 1096 779 vana
1146 708 1296 778 eius
1349 705 1595 802 religio
1648 713 1771 779 est.
1876 709 1972 781 Ut
2025 709 2227 781 aiunt
2274 708 2416 804 illi,
2470 710 2597 783 illo
2652 709 2774 807 qui

595 809 937 902 aderant,
1013 807 1159 879 iam
1234 806 1478 879 vorbis
1548 806 1943 879 fluentibus
2016 809 2106 879 ab
2162 809 2395 881 altero
2462 809 2541 880 in
2594 810 2773 882 alte-

595 931 801 1020 rum,
866 905 1060 1002 quod
1113 905 1428 1002 quadam
1481 916 1721 1002 nocte,
1776 907 1953 978 dum
2005 907 2555 980 matutinalibus
2606 907 2770 980 offi-

595 1007 726 1080 ciis
779 1006 1196 1078 necessaria
1245 1016 1537 1102 peteret
1587 1004 1909 1078 humane
1964 1006 2219 1103 exiret,
2281 1031 2540 1102 >margo
2595 1020 2770 1102 toge

593 1107 790 1179 illius
819 1129 863 1177 a
899 1104 1259 1179 catellulis
1314 1103 1603 1176 duobus
1649 1115 1967 1200 tenetur,
2023 1106 2142 1202 qui
2184 1105 2605 1179 nitebantur
2646 1107 2769 1178 ad—

594 1205 886 1279 trahere
937 1229 1108 1278 eum
1167 1205 1241 1276 in
1293 1215 1491 1277 terra
1540 1215 1753 1277 tenus
1806 1216 1930 1277 aut
1989 1205 2563 1279 taciturnitatem
2612 1229 2771 1278 cor-

593 1329 960 1418 rumpere.
1041 1305 1187 1377 Sed
1241 1327 1452 1376 mens
1492 1304 1729 1374 locata
1791 1303 1862 1374 in
1915 1302 2128 1375 firma
2181 1315 2432 1416 petra,
2488 1305 2771 1378 facilius

595 1405 835 1501 potuit
886 1403 1114 1476 occidi
1166 1427 1388 1501 quam
1433 1403 1787 1500 superari.
1893 1403 2077 1476 Cum
2142 1406 2247 1476 sic
2310 1403 2770 1500 laborarent,

593 1515 897 1576 ventum
967 1512 1082 1574 est
1134 1504 1227 1574 ad
1281 1503 1628 1596 domum,
1685 1503 1754 1573 in
1827 1525 1969 1598 qua
2034 1501 2331 1614 signum
2399 1504 2769 1600 trepidan-

593 1603 772 1675 dum
803 1601 1228 1674 habebatur.
1333 1603 1713 1697 Fugantur
1750 1601 2103 1674 demones
2138 1627 2181 1673 a
2209 1602 2489 1675 victrici
2528 1602 2769 1697 signe,

592 1702 712 1799 qui
768 1701 1206 1775 videbantur
1258 1725 1425 1774 esse
1473 1701 1742 1796 catelli,
1800 1711 1875 1772 et
1930 1701 2019 1772 ad
2063 1702 2469 1798 punitatem
2522 1725 2769 1773 rever-

590 1813 845 1877 tuntur
893 1825 1150 1893 suam,
1203 1801 1529 1896 agendo:
1603 1801 1762 1872 Heu
1814 1799 1993 1871 heu!
2043 1803 2364 1895 superati
2418 1825 2463 1873 a
2516 1823 2767 1874 mona-

591 1903 722 1976 cho
739 1958 758 1994 ,
815 1903 1088 1972 vincere
1131 1899 1300 1972 dum
1344 1901 1768 1992 optavimus,
1821 1901 1984 1971 victi
2032 1923 2297 1972 mamus.

737 2002 856 2074 28.
926 1998 1206 2071 Eodem
1238 2011 1577 2094 tempore
1620 1999 1755 2069 fuit
1798 1997 1911 2068 vir
1954 1996 2265 2069 idoneus
2318 2008 2395 2068 et
2445 1996 2766 2094 sapienS,

589 2097 887 2172 nomine
955 2095 1215 2189 Wido,
1290 2096 1597 2169 clericus
1676 2105 2044 2168 extemate
2118 2095 2370 2169 Oberti
2456 2098 2767 2193 comitiS,

587 2198 794 2270 cuius
843 2197 1186 2292 superius
1241 2195 1675 2268 memoriam
1730 2195 2058 2269 fecimus.
2162 2195 2294 2268 His
2346 2219 2439 2268 ex
2490 2195 2765 2293 prediis

587 2298 742 2372 suis
793 2295 1102 2370 contulit
1151 2307 1406 2369 sancto
1461 2296 1677 2367 Petro
1734 2318 2064 2392 munera,
2119 2297 2275 2369 fere
2330 2296 2526 2392 quod
2560 2294 2765 2368 suffi-

587 2421 756 2472 cere
787 2407 1038 2495 posset
1068 2395 1158 2468 ad
1193 2396 1724 2469 monachorum
1764 2395 1996 2469 victus
2029 2395 2416 2470 duodecim
2445 2406 2762 2469 centum.

583 2498 762 2571 Post
828 2499 1014 2569 haec
1083 2518 1259 2568 vero
1327 2495 1745 2593 concupivit
1805 2495 2058 2569 videre
2122 2499 2367 2569 locum
2420 2495 2761 2589 Bremiti3

559 2597 722 2670 ivit
787 2596 876 2669 ad
930 2596 1328 2695 baptistam
1376 2620 1586 2670 suam
1643 2596 2017 2669 Gezonem
2072 2596 2437 2691 abbatem,
2490 2596 2566 2666 in
2618 2619 2761 2691 quo

585 2708 874 2770 tantum
955 2698 1366 2769 delectatus
1452 2707 1603 2791 est,
1685 2707 1764 2768 ut
1844 2696 2167 2771 adiceret
2250 2697 2393 2767 duo
2478 2705 2759 2789 castra,

583 2796 1008 2867 verdunum
1063 2796 1343 2869 scilicet
1394 2807 1470 2867 et
1502 2750 1814 2868 Rodum.
1919 2795 2457 2892 Consequentia
2493 2794 2761 2892 quippe

541 2896 768 2971 ,haec
819 2893 909 2965 ab
963 2894 1306 2966 omnibus
1362 2897 1842 2990 amplexetur.

732 2993 856 3065 29.
917 2983 1016 3064 Et
1065 2994 1342 3065 factum
1411 3004 1529 3064 est
1579 2992 1693 3065 his
1746 2990 2241 3089 temporibus,
2312 3003 2391 3064 ut
2460 2990 2761 3087 quidam

581 3091 909 3164 marchio
987 3091 1283 3186 nomine
1355 3090 1607 3185 oddo,
1680 3090 1971 3164 afflatus
2048 3091 2192 3164 alto
2260 3089 2597 3181 flamine,
2668 3114 2760 3161 ex

581 3190 897 3290 propriis
950 3191 1334 3289 stipendiis
1388 3192 1548 3264 loca
1601 3190 1842 3264 aucxit
1892 3202 2163 3263 nostra.
2266 3190 2643 3288 Ipsemet
2625 3189 2760 3285 1gi-

579 3304 698 3365 tur
751 3291 962 3365 Oddo
1017 3293 1556 3364 circumvolans
1608 3316 1817 3364 sacra
1869 3290 2179 3385 vestigia
2223 3291 2757 3388 apostolorum,

580 3391 876 3488 reliquit
913 3416 1046 3465 sua
1100 3392 1171 3463 in
1215 3393 1458 3486 terris,
1511 3402 1593 3464 ut
1639 3390 2173 3486 glorificaretur
2212 3391 2282 3463 in
2320 3390 2565 3463 coelis.
2644 3389 2759 3463 In-

581 3503 993 3588 terpretare
1045 3489 1244 3564 enim
1295 3514 1695 3589 possumus
1766 3514 2036 3563 nomen
2093 3492 2299 3563 cuius
2354 3502 2757 3583 auctorem,

579 3591 749 3685 quia
823 3602 1080 3664 auctor
1147 3591 1286 3664 fuit
1362 3591 1776 3665 habitacula
1849 3601 2123 3662 vatum.
2254 3590 2435 3684 Qui,
2513 3591 2759 3684 Petre,

579 3688 880 3762 tradidit
955 3690 1088 3763 tibi
1154 3690 1631 3783 Pollentiam
1708 3693 1953 3763 locum
2032 3690 2379 3787 dignum,
2468 3710 2757 3759 memet

577 3799 740 3861 esto
794 3788 963 3859 doni
1020 3789 1452 3885 clarissimi,
1517 3791 1952 3863 contradere
2017 3792 2289 3863 coelica
2343 3790 2533 3859 dona
2586 3784 2753 3881 ipsi,

577 3888 702 3984 qui
780 3886 1038 3960 tribuit
1120 3898 1384 3960 terrea.
1526 3888 1684 3962 Tibi
1756 3890 1850 3961 ibi
1926 3891 2343 3962 modulatur
2411 3884 2754 3959 rithmica

577 3986 922 4081 laudum,
979 3986 1269 4059 moenia
1301 3988 1504 4060 cuius
1538 3989 1675 4061 loci
1733 3990 2000 4062 emicat
2038 3991 2231 4061 cla1e
2275 3986 2547 4081 patule,
2604 4010 2749 4083 quo

577 4098 876 4184 pareat,
931 4086 1292 4183 quantivis
1347 4089 1570 4185 precii
1628 4089 1881 4181 fuerit,
1934 4110 2072 4183 qua
2127 4084 2381 4159 latices
2437 4095 2545 4158 tot
2585 4109 2751 4181 rep-
