<?xml version="1.0" encoding="UTF-8"?>
<!DOCTYPE html PUBLIC "-//W3C//DTD XHTML 1.0 Transitional//EN"
    "http://www.w3.org/TR/xhtml1/DTD/xhtml1-transitional.dtd">
<html xmlns="http://www.w3.org/1999/xhtml" xml:lang="en" lang="en">
 <head>
  <title>
</title>
<meta http-equiv="Content-Type" content="text/html;charset=utf-8" />
  <meta name='ocr-system' content='tesseract 3.04.00' />
  <meta name='ocr-capabilities' content='ocr_page ocr_carea ocr_par ocr_line ocrx_word'/>
</head>
<body>
  <div class='ocr_page' id='page_1' title='image "./chroniconnovali00unkngoog_0114.png"; bbox 0 0 3034 4900; ppageno 0'>
   <div class='ocr_carea' id='block_1_1' title="bbox 586 337 2297 419">
    <p class='ocr_par' dir='ltr' id='par_1_1' title="bbox 586 337 2297 419">
     <span class='ocr_line' id='line_1_1' title="bbox 586 337 2297 419; baseline -0.002 -3"><span class='ocrx_word' id='word_1_1' title='bbox 586 345 730 419; x_wconf 88' lang='lat'><strong>100</strong></span> <span class='ocrx_word' id='word_1_2' title='bbox 1004 337 1547 416; x_wconf 87' lang='lat' dir='ltr'><strong>CHRONICON</strong></span> <span class='ocrx_word' id='word_1_3' title='bbox 1598 338 2162 414; x_wconf 85' lang='lat' dir='ltr'><strong>NOVALICIEN</strong></span> <span class='ocrx_word' id='word_1_4' title='bbox 2167 337 2297 415; x_wconf 88' lang='lat' dir='ltr'><strong>SE</strong></span> 
     </span>
    </p>
   </div>
   <div class='ocr_carea' id='block_1_2' title="bbox 497 521 2723 4233">
    <p class='ocr_par' dir='ltr' id='par_1_2' title="bbox 542 521 2723 2226">
     <span class='ocr_line' id='line_1_2' title="bbox 581 521 2723 626; baseline -0.001 -28"><span class='ocrx_word' id='word_1_5' title='bbox 581 549 716 602; x_wconf 86' lang='lat' dir='ltr'><strong>ceu</strong></span> <span class='ocrx_word' id='word_1_6' title='bbox 769 523 978 597; x_wconf 88' lang='lat' dir='ltr'><strong>turba</strong></span> <span class='ocrx_word' id='word_1_7' title='bbox 1028 523 1470 626; x_wconf 78' lang='lat' dir='ltr'>puellarum,</span> <span class='ocrx_word' id='word_1_8' title='bbox 1525 523 1847 596; x_wconf 88' lang='lat' dir='ltr'><strong>ferentes</strong></span> <span class='ocrx_word' id='word_1_9' title='bbox 1888 521 2271 596; x_wconf 88' lang='lat' dir='ltr'><strong>duodecim</strong></span> <span class='ocrx_word' id='word_1_10' title='bbox 2316 521 2579 596; x_wconf 88' lang='lat' dir='ltr'><strong>scrinia</strong></span> <span class='ocrx_word' id='word_1_11' title='bbox 2626 525 2723 597; x_wconf 90' lang='lat' dir='ltr'><strong>uti</strong></span> 
     </span>
     <span class='ocr_line' id='line_1_3' title="bbox 573 619 2721 724; baseline -0 -26.997"><span class='ocrx_word' id='word_1_12' title='bbox 573 626 800 724; x_wconf 84' lang='lat' dir='ltr'><strong>&#39;plena</strong></span> <span class='ocrx_word' id='word_1_13' title='bbox 849 647 938 697; x_wconf 88' lang='lat' dir='ltr'><strong>ex</strong></span> <span class='ocrx_word' id='word_1_14' title='bbox 990 649 1193 719; x_wconf 72' lang='lat' dir='ltr'><strong>auro,</strong></span> <span class='ocrx_word' id='word_1_15' title='bbox 1245 625 1318 696; x_wconf 90' lang='lat' dir='ltr'><strong>in</strong></span> <span class='ocrx_word' id='word_1_16' title='bbox 1372 619 1634 721; x_wconf 85' lang='lat' dir='ltr'><strong>quibus</strong></span> <span class='ocrx_word' id='word_1_17' title='bbox 1693 635 1901 696; x_wconf 84' lang='lat' dir='ltr'><strong>erant</strong></span> <span class='ocrx_word' id='word_1_18' title='bbox 1951 623 2089 696; x_wconf 90' lang='lat' dir='ltr'><strong>tria</strong></span> <span class='ocrx_word' id='word_1_19' title='bbox 2140 625 2356 722; x_wconf 89' lang='lat' dir='ltr'><strong>plena</strong></span> <span class='ocrx_word' id='word_1_20' title='bbox 2408 647 2497 696; x_wconf 88' lang='lat' dir='ltr'><strong>ex</strong></span> <span class='ocrx_word' id='word_1_21' title='bbox 2548 648 2721 698; x_wconf 84' lang='lat' dir='ltr'><strong>auro</strong></span> 
     </span>
     <span class='ocr_line' id='line_1_4' title="bbox 581 722 2721 837; baseline -0 -40"><span class='ocrx_word' id='word_1_22' title='bbox 581 736 657 798; x_wconf 89' lang='lat' dir='ltr'><strong>et</strong></span> <span class='ocrx_word' id='word_1_23' title='bbox 707 734 1046 820; x_wconf 73' lang='lat' dir='ltr'><strong>argento,</strong></span> <span class='ocrx_word' id='word_1_24' title='bbox 1101 724 1344 796; x_wconf 91' lang='lat' dir='ltr'><strong>omnia</strong></span> <span class='ocrx_word' id='word_1_25' title='bbox 1379 746 1571 795; x_wconf 87' lang='lat' dir='ltr'><strong>vero</strong></span> <span class='ocrx_word' id='word_1_26' title='bbox 1624 722 1765 802; x_wconf 84' lang='lat' dir='ltr'><strong>alia</strong></span> <span class='ocrx_word' id='word_1_27' title='bbox 1817 724 2031 820; x_wconf 90' lang='lat' dir='ltr'><strong>plena</strong></span> <span class='ocrx_word' id='word_1_28' title='bbox 2083 733 2293 796; x_wconf 83' lang='lat' dir='ltr'><strong>erant</strong></span> <span class='ocrx_word' id='word_1_29' title='bbox 2340 724 2721 837; x_wconf 75' lang='lat' dir='ltr'><strong>lapidibus,</strong></span> 
     </span>
     <span class='ocr_line' id='line_1_5' title="bbox 578 823 2721 924; baseline -0 -27"><span class='ocrx_word' id='word_1_30' title='bbox 578 824 884 897; x_wconf 86' lang='lat' dir='ltr'><strong>firmiter</strong></span> <span class='ocrx_word' id='word_1_31' title='bbox 933 823 1254 897; x_wconf 81' lang='lat' dir='ltr'><strong>clavibus</strong></span> <span class='ocrx_word' id='word_1_32' title='bbox 1307 823 1683 896; x_wconf 86' lang='lat' dir='ltr'><strong>obseratis.</strong></span> <span class='ocrx_word' id='word_1_33' title='bbox 1802 823 2131 921; x_wconf 83' lang='lat' dir='ltr'><strong>Cumque</strong></span> <span class='ocrx_word' id='word_1_34' title='bbox 2196 824 2287 896; x_wconf 90' lang='lat' dir='ltr'><strong>ad</strong></span> <span class='ocrx_word' id='word_1_35' title='bbox 2343 823 2511 898; x_wconf 90' lang='lat' dir='ltr'><strong>litus</strong></span> <span class='ocrx_word' id='word_1_36' title='bbox 2562 849 2721 924; x_wconf 91' lang='lat' dir='ltr'><strong>per-</strong></span> 
     </span>
     <span class='ocr_line' id='line_1_6' title="bbox 577 923 2721 1022; baseline -0 -25"><span class='ocrx_word' id='word_1_37' title='bbox 577 924 954 999; x_wconf 87' lang='lat' dir='ltr'><strong>venissent</strong></span> <span class='ocrx_word' id='word_1_38' title='bbox 1019 924 1280 1018; x_wconf 73' lang='lat' dir='ltr'><strong>maris,</strong></span> <span class='ocrx_word' id='word_1_39' title='bbox 1360 935 1612 1022; x_wconf 88' lang='lat' dir='ltr'><strong>aperta</strong></span> <span class='ocrx_word' id='word_1_40' title='bbox 1678 934 1847 997; x_wconf 86' lang='lat' dir='ltr'><strong>sunt</strong></span> <span class='ocrx_word' id='word_1_41' title='bbox 1920 923 2043 995; x_wconf 88' lang='lat' dir='ltr'><strong>illa</strong></span> <span class='ocrx_word' id='word_1_42' title='bbox 2110 924 2247 997; x_wconf 88' lang='lat' dir='ltr'><strong>tria</strong></span> <span class='ocrx_word' id='word_1_43' title='bbox 2325 925 2585 998; x_wconf 87' lang='lat' dir='ltr'><strong>scrinia</strong></span> <span class='ocrx_word' id='word_1_44' title='bbox 2650 926 2721 998; x_wconf 91' lang='lat' dir='ltr'><strong>in</strong></span> 
     </span>
     <span class='ocr_line' id='line_1_7' title="bbox 578 1023 2721 1137; baseline -0 -40"><span class='ocrx_word' id='word_1_45' title='bbox 578 1025 838 1123; x_wconf 88' lang='lat' dir='ltr'><strong>quibus</strong></span> <span class='ocrx_word' id='word_1_46' title='bbox 890 1036 1048 1098; x_wconf 90' lang='lat' dir='ltr'><strong>erat</strong></span> <span class='ocrx_word' id='word_1_47' title='bbox 1099 1047 1381 1120; x_wconf 75' lang='lat' dir='ltr'><strong>aurum,</strong></span> <span class='ocrx_word' id='word_1_48' title='bbox 1429 1035 1502 1097; x_wconf 85' lang='lat' dir='ltr'><strong>et</strong></span> <span class='ocrx_word' id='word_1_49' title='bbox 1536 1025 1995 1137; x_wconf 79' lang='lat' dir='ltr'><strong>proferentes</strong></span> <span class='ocrx_word' id='word_1_50' title='bbox 2030 1023 2721 1098; x_wconf 82' lang='lat' dir='ltr'><strong>sermocinabantur.</strong></span> 
     </span>
     <span class='ocr_line' id='line_1_8' title="bbox 578 1121 2723 1221; baseline -0 -22"><span class='ocrx_word' id='word_1_51' title='bbox 578 1127 781 1199; x_wconf 91' lang='lat' dir='ltr'><strong>Tunc</strong></span> <span class='ocrx_word' id='word_1_52' title='bbox 831 1149 1016 1199; x_wconf 91' lang='lat' dir='ltr'><strong>unus</strong></span> <span class='ocrx_word' id='word_1_53' title='bbox 1055 1149 1145 1198; x_wconf 89' lang='lat' dir='ltr'><strong>ex</strong></span> <span class='ocrx_word' id='word_1_54' title='bbox 1197 1126 1348 1198; x_wconf 90' lang='lat' dir='ltr'><strong>suis</strong></span> <span class='ocrx_word' id='word_1_55' title='bbox 1394 1121 1745 1202; x_wconf 74' lang='lat' dir='ltr'><strong>militibus</strong></span> <span class='ocrx_word' id='word_1_56' title='bbox 1795 1123 1863 1196; x_wconf 93' lang='lat' dir='ltr'><strong>ei</strong></span> <span class='ocrx_word' id='word_1_57' title='bbox 1915 1123 2095 1197; x_wconf 90' lang='lat' dir='ltr'><strong>dure</strong></span> <span class='ocrx_word' id='word_1_58' title='bbox 2146 1125 2543 1199; x_wconf 87' lang='lat' dir='ltr'><strong>collocutus</strong></span> <span class='ocrx_word' id='word_1_59' title='bbox 2588 1137 2723 1221; x_wconf 75' lang='lat' dir='ltr'><strong>est,</strong></span> 
     </span>
     <span class='ocr_line' id='line_1_9' title="bbox 563 1223 2721 1323; baseline 0 -26"><span class='ocrx_word' id='word_1_60' title='bbox 563 1226 1052 1301; x_wconf 81' lang='lat' dir='ltr'><strong>reminiscens</strong></span> <span class='ocrx_word' id='word_1_61' title='bbox 1102 1225 1209 1298; x_wconf 90' lang='lat' dir='ltr'><strong>illi</strong></span> <span class='ocrx_word' id='word_1_62' title='bbox 1259 1225 1586 1323; x_wconf 87' lang='lat' dir='ltr'><strong>priorum</strong></span> <span class='ocrx_word' id='word_1_63' title='bbox 1628 1223 1991 1298; x_wconf 89' lang='lat' dir='ltr'><strong>bellorum</strong></span> <span class='ocrx_word' id='word_1_64' title='bbox 2032 1224 2390 1298; x_wconf 90' lang='lat' dir='ltr'><strong>victorias.</strong></span> <span class='ocrx_word' id='word_1_65' title='bbox 2469 1223 2721 1299; x_wconf 90' lang='lat' dir='ltr'><strong>Subito</strong></span> 
     </span>
     <span class='ocr_line' id='line_1_10' title="bbox 578 1309 2721 1421; baseline -0 -22"><span class='ocrx_word' id='word_1_66' title='bbox 578 1327 845 1400; x_wconf 81' lang='lat' dir='ltr'><strong>excutit</strong></span> <span class='ocrx_word' id='word_1_67' title='bbox 912 1349 994 1400; x_wconf 89' lang='lat' dir='ltr'><strong>se</strong></span> <span class='ocrx_word' id='word_1_68' title='bbox 1056 1348 1224 1398; x_wconf 90' lang='lat' dir='ltr'><strong>cum</strong></span> <span class='ocrx_word' id='word_1_69' title='bbox 1286 1349 1557 1421; x_wconf 86' lang='lat' dir='ltr'><strong>magna</strong></span> <span class='ocrx_word' id='word_1_70' title='bbox 1628 1325 1701 1396; x_wconf 88' lang='lat' dir='ltr'><strong>vi</strong></span> <span class='ocrx_word' id='word_1_71' title='bbox 1768 1349 1811 1394; x_wconf 88' lang='lat' dir='ltr'><strong>a</strong></span> <span class='ocrx_word' id='word_1_72' title='bbox 1874 1309 2209 1397; x_wconf 83' lang='lat' dir='ltr'><strong>manibus</strong></span> <span class='ocrx_word' id='word_1_73' title='bbox 2274 1324 2567 1399; x_wconf 89' lang='lat' dir='ltr'><strong>illorum</strong></span> <span class='ocrx_word' id='word_1_74' title='bbox 2632 1327 2721 1398; x_wconf 91' lang='lat' dir='ltr'><strong>de</strong></span> 
     </span>
     <span class='ocr_line' id='line_1_11' title="bbox 575 1422 2721 1522; baseline 0 -25"><span class='ocrx_word' id='word_1_75' title='bbox 575 1427 911 1522; x_wconf 54' lang='lat' dir='ltr'><strong>minutula,</strong></span> <span class='ocrx_word' id='word_1_76' title='bbox 988 1425 1061 1496; x_wconf 91' lang='lat' dir='ltr'><strong>in</strong></span> <span class='ocrx_word' id='word_1_77' title='bbox 1125 1447 1265 1522; x_wconf 88' lang='lat' dir='ltr'><strong>qua</strong></span> <span class='ocrx_word' id='word_1_78' title='bbox 1333 1424 1751 1520; x_wconf 71' lang='lat' dir='ltr'><strong>tenebatur,</strong></span> <span class='ocrx_word' id='word_1_79' title='bbox 1828 1422 1927 1498; x_wconf 90' lang='lat' dir='ltr'><strong>ita</strong></span> <span class='ocrx_word' id='word_1_80' title='bbox 1978 1436 2059 1498; x_wconf 90' lang='lat' dir='ltr'><strong>ut</strong></span> <span class='ocrx_word' id='word_1_81' title='bbox 2106 1447 2367 1499; x_wconf 88' lang='lat' dir='ltr'><strong>manus</strong></span> <span class='ocrx_word' id='word_1_82' title='bbox 2428 1426 2721 1504; x_wconf 90' lang='lat' dir='ltr'><strong>illorum</strong></span> 
     </span>
     <span class='ocr_line' id='line_1_12' title="bbox 575 1523 2721 1625; baseline 0.001 -28"><span class='ocrx_word' id='word_1_83' title='bbox 575 1527 792 1625; x_wconf 85' lang='lat' dir='ltr'><strong>plene</strong></span> <span class='ocrx_word' id='word_1_84' title='bbox 849 1524 1099 1598; x_wconf 87' lang='lat' dir='ltr'><strong>relicte</strong></span> <span class='ocrx_word' id='word_1_85' title='bbox 1151 1536 1396 1598; x_wconf 88' lang='lat' dir='ltr'><strong>essent</strong></span> <span class='ocrx_word' id='word_1_86' title='bbox 1447 1524 1769 1624; x_wconf 86' lang='lat' dir='ltr'><strong>diploide</strong></span> <span class='ocrx_word' id='word_1_87' title='bbox 1815 1548 1959 1623; x_wconf 89' lang='lat' dir='ltr'><strong>quo</strong></span> <span class='ocrx_word' id='word_1_88' title='bbox 2005 1523 2297 1598; x_wconf 89' lang='lat' dir='ltr'><strong>indutus</strong></span> <span class='ocrx_word' id='word_1_89' title='bbox 2330 1527 2593 1620; x_wconf 75' lang='lat' dir='ltr'><strong>fuerat,</strong></span> <span class='ocrx_word' id='word_1_90' title='bbox 2647 1537 2721 1600; x_wconf 92' lang='lat' dir='ltr'><strong>et</strong></span> 
     </span>
     <span class='ocr_line' id='line_1_13' title="bbox 575 1625 2719 1723; baseline 0 -25"><span class='ocrx_word' id='word_1_91' title='bbox 575 1626 776 1700; x_wconf 89' lang='lat' dir='ltr'><strong>misit</strong></span> <span class='ocrx_word' id='word_1_92' title='bbox 826 1650 906 1699; x_wconf 89' lang='lat' dir='ltr'><strong>se</strong></span> <span class='ocrx_word' id='word_1_93' title='bbox 958 1625 1032 1698; x_wconf 91' lang='lat' dir='ltr'><strong>in</strong></span> <span class='ocrx_word' id='word_1_94' title='bbox 1083 1649 1289 1723; x_wconf 87' lang='lat' dir='ltr'><strong>aqua.</strong></span> <span class='ocrx_word' id='word_1_95' title='bbox 1410 1625 1489 1698; x_wconf 90' lang='lat' dir='ltr'><strong>ln</strong></span> <span class='ocrx_word' id='word_1_96' title='bbox 1543 1650 1682 1723; x_wconf 87' lang='lat' dir='ltr'><strong>qua</strong></span> <span class='ocrx_word' id='word_1_97' title='bbox 1733 1650 1897 1698; x_wconf 90' lang='lat' dir='ltr'><strong>cum</strong></span> <span class='ocrx_word' id='word_1_98' title='bbox 1952 1625 2455 1722; x_wconf 77' lang='lat' dir='ltr'><strong>strenuissime</strong></span> <span class='ocrx_word' id='word_1_99' title='bbox 2510 1636 2719 1698; x_wconf 88' lang='lat' dir='ltr'><strong>nata·</strong></span> 
     </span>
     <span class='ocr_line' id='line_1_14' title="bbox 573 1724 2723 1825; baseline -0 -26"><span class='ocrx_word' id='word_1_100' title='bbox 573 1737 797 1822; x_wconf 70' lang='lat' dir='ltr'><strong>retur,</strong></span> <span class='ocrx_word' id='word_1_101' title='bbox 839 1727 982 1798; x_wconf 90' lang='lat' dir='ltr'><strong>duo</strong></span> <span class='ocrx_word' id='word_1_102' title='bbox 1020 1725 1398 1800; x_wconf 88' lang='lat' dir='ltr'><strong>fortissimi</strong></span> <span class='ocrx_word' id='word_1_103' title='bbox 1432 1725 1727 1798; x_wconf 89' lang='lat' dir='ltr'><strong>illorum</strong></span> <span class='ocrx_word' id='word_1_104' title='bbox 1764 1726 2153 1825; x_wconf 85' lang='lat' dir='ltr'><strong>perniciter</strong></span> <span class='ocrx_word' id='word_1_105' title='bbox 2202 1724 2509 1800; x_wconf 90' lang='lat' dir='ltr'><strong>insecuti</strong></span> <span class='ocrx_word' id='word_1_106' title='bbox 2554 1737 2723 1799; x_wconf 90' lang='lat' dir='ltr'><strong>sunt</strong></span> 
     </span>
     <span class='ocr_line' id='line_1_15' title="bbox 569 1825 2721 1924; baseline 0 -25"><span class='ocrx_word' id='word_1_107' title='bbox 569 1828 795 1899; x_wconf 89' lang='lat' dir='ltr'><strong>illum.</strong></span> <span class='ocrx_word' id='word_1_108' title='bbox 841 1837 845 1842; x_wconf 84' lang='grc'>’</span> <span class='ocrx_word' id='word_1_109' title='bbox 897 1827 1099 1900; x_wconf 90' lang='lat' dir='ltr'><strong>Unus</strong></span> <span class='ocrx_word' id='word_1_110' title='bbox 1153 1838 1397 1900; x_wconf 88' lang='lat' dir='ltr'><strong>autem</strong></span> <span class='ocrx_word' id='word_1_111' title='bbox 1446 1827 1765 1923; x_wconf 73' lang='lat' dir='ltr'><strong>illorum,</strong></span> <span class='ocrx_word' id='word_1_112' title='bbox 1819 1825 1939 1924; x_wconf 91' lang='lat' dir='ltr'><strong>qui</strong></span> <span class='ocrx_word' id='word_1_113' title='bbox 1988 1827 2197 1899; x_wconf 90' lang='lat' dir='ltr'><strong>illum</strong></span> <span class='ocrx_word' id='word_1_114' title='bbox 2247 1826 2721 1924; x_wconf 85' lang='lat' dir='ltr'><strong>insequeban-</strong></span> 
     </span>
     <span class='ocr_line' id='line_1_16' title="bbox 573 1925 2720 2024; baseline -0.001 -23"><span class='ocrx_word' id='word_1_115' title='bbox 573 1939 690 2001; x_wconf 88' lang='lat' dir='ltr'><strong>tur</strong></span> <span class='ocrx_word' id='word_1_116' title='bbox 720 1925 1058 2021; x_wconf 70' lang='lat' dir='ltr'><strong>velotius‚</strong></span> <span class='ocrx_word' id='word_1_117' title='bbox 1110 1950 1275 2000; x_wconf 89' lang='lat' dir='ltr'><strong>cum</strong></span> <span class='ocrx_word' id='word_1_118' title='bbox 1304 1927 1528 2006; x_wconf 77' lang='lat' dir='ltr'><strong>vellet</strong></span> <span class='ocrx_word' id='word_1_119' title='bbox 1570 1950 1826 2022; x_wconf 81' lang='lat' dir='ltr'><strong>regem</strong></span> <span class='ocrx_word' id='word_1_120' title='bbox 1876 1926 2211 2000; x_wconf 88' lang='lat' dir='ltr'><strong>manibus</strong></span> <span class='ocrx_word' id='word_1_121' title='bbox 2262 1949 2548 2024; x_wconf 74' lang='lat' dir='ltr'><strong>capere,</strong></span> <span class='ocrx_word' id='word_1_122' title='bbox 2591 1937 2720 2000; x_wconf 67' lang='lat' dir='ltr'><strong>rest</strong></span> 
     </span>
     <span class='ocr_line' id='line_1_17' title="bbox 542 2025 2717 2123; baseline -0 -23"><span class='ocrx_word' id='word_1_123' title='bbox 542 2028 831 2100; x_wconf 81' lang='lat' dir='ltr'><strong>‘iniecta</strong></span> <span class='ocrx_word' id='word_1_124' title='bbox 879 2038 1104 2099; x_wconf 89' lang='lat' dir='ltr'><strong>manu</strong></span> <span class='ocrx_word' id='word_1_125' title='bbox 1154 2026 1464 2113; x_wconf 82' lang='lat' dir='ltr'><strong>suffocat</strong></span> <span class='ocrx_word' id='word_1_126' title='bbox 1513 2025 1721 2097; x_wconf 90' lang='lat' dir='ltr'><strong>illum</strong></span> <span class='ocrx_word' id='word_1_127' title='bbox 1772 2028 2159 2123; x_wconf 75' lang='lat' dir='ltr'><strong>extimplo,</strong></span> <span class='ocrx_word' id='word_1_128' title='bbox 2228 2037 2441 2123; x_wconf 87' lang='lat' dir='ltr'><strong>atque</strong></span> <span class='ocrx_word' id='word_1_129' title='bbox 2506 2026 2717 2100; x_wconf 89' lang='lat' dir='ltr'><strong>alteri</strong></span> 
     </span>
     <span class='ocr_line' id='line_1_18' title="bbox 573 2125 1483 2226; baseline -0.004 -24"><span class='ocrx_word' id='word_1_130' title='bbox 573 2151 802 2226; x_wconf 86' lang='lat' dir='ltr'><strong>aeque</strong></span> <span class='ocrx_word' id='word_1_131' title='bbox 855 2127 1164 2223; x_wconf 72' lang='lat' dir='ltr'><strong>faciens,</strong></span> <span class='ocrx_word' id='word_1_132' title='bbox 1233 2125 1483 2198; x_wconf 80' lang='lat' dir='ltr'><strong>evasit.</strong></span> 
     </span>
    </p>

    <p class='ocr_par' dir='ltr' id='par_1_3' title="bbox 497 2192 2719 3929">
     <span class='ocr_line' id='line_1_19' title="bbox 721 2192 2713 2325; baseline 0 -25"><span class='ocrx_word' id='word_1_133' title='bbox 721 2229 833 2301; x_wconf 85' lang='lat'><strong>16.</strong></span> <span class='ocrx_word' id='word_1_134' title='bbox 885 2229 1091 2303; x_wconf 88' lang='lat' dir='ltr'><strong>Circa</strong></span> <span class='ocrx_word' id='word_1_135' title='bbox 1155 2228 1293 2300; x_wconf 92' lang='lat' dir='ltr'><strong>hec</strong></span> <span class='ocrx_word' id='word_1_136' title='bbox 1343 2237 1677 2325; x_wconf 86' lang='lat' dir='ltr'><strong>tempora</strong></span> <span class='ocrx_word' id='word_1_137' title='bbox 1726 2223 2105 2300; x_wconf 89' lang='lat' dir='ltr'><strong>Heinricus</strong></span> <span class='ocrx_word' id='word_1_138' title='bbox 2156 2192 2555 2323; x_wconf 85' lang='lat' dir='ltr'><strong>imperator</strong></span> <span class='ocrx_word' id='word_1_139' title='bbox 2599 2249 2713 2300; x_wconf 89' lang='lat' dir='ltr'><strong>re-</strong></span> 
     </span>
     <span class='ocr_line' id='line_1_20' title="bbox 567 2306 2714 2442; baseline -0.001 -40"><span class='ocrx_word' id='word_1_140' title='bbox 567 2353 796 2427; x_wconf 85' lang='lat' dir='ltr'><strong>gnum</strong></span> <span class='ocrx_word' id='word_1_141' title='bbox 828 2328 1194 2442; x_wconf 80' lang='lat' dir='ltr'><strong>excipiens</strong></span> <span class='ocrx_word' id='word_1_142' title='bbox 1242 2327 1597 2420; x_wconf 76' lang='lat' dir='ltr'><strong>Italicum,</strong></span> <span class='ocrx_word' id='word_1_143' title='bbox 1652 2325 1930 2399; x_wconf 89' lang='lat' dir='ltr'><strong>deiecto</strong></span> <span class='ocrx_word' id='word_1_144' title='bbox 1967 2306 2316 2422; x_wconf 75' lang='lat' dir='ltr'><strong>Arduin0,</strong></span> <span class='ocrx_word' id='word_1_145' title='bbox 2366 2350 2533 2398; x_wconf 89' lang='lat' dir='ltr'><strong>cum</strong></span> <span class='ocrx_word' id='word_1_146' title='bbox 2570 2352 2714 2424; x_wconf 89' lang='lat' dir='ltr'><strong>quo</strong></span> 
     </span>
     <span class='ocr_line' id='line_1_21' title="bbox 567 2425 2717 2541; baseline -0.002 -34"><span class='ocrx_word' id='word_1_147' title='bbox 567 2430 680 2507; x_wconf 87' lang='lat' dir='ltr'><strong>sui</strong></span> <span class='ocrx_word' id='word_1_148' title='bbox 733 2441 900 2504; x_wconf 90' lang='lat' dir='ltr'><strong>ante</strong></span> <span class='ocrx_word' id='word_1_149' title='bbox 953 2428 1386 2504; x_wconf 84' lang='lat' dir='ltr'><strong>dimicarunt</strong></span> <span class='ocrx_word' id='word_1_150' title='bbox 1437 2437 1511 2500; x_wconf 90' lang='lat' dir='ltr'><strong>et</strong></span> <span class='ocrx_word' id='word_1_151' title='bbox 1560 2425 1731 2500; x_wconf 79' lang='lat' dir='ltr'><strong>victi</strong></span> <span class='ocrx_word' id='word_1_152' title='bbox 1779 2428 2113 2517; x_wconf 86' lang='lat' dir='ltr'><strong>fuerunt</strong></span> <span class='ocrx_word' id='word_1_153' title='bbox 2167 2437 2241 2500; x_wconf 91' lang='lat' dir='ltr'><strong>et</strong></span> <span class='ocrx_word' id='word_1_154' title='bbox 2274 2438 2497 2525; x_wconf 86' lang='lat' dir='ltr'><strong>qu‘em</strong></span> <span class='ocrx_word' id='word_1_155' title='bbox 2545 2439 2717 2541; x_wconf 80' lang='lat' dir='ltr'><strong>post</strong></span> 
     </span>
     <span class='ocr_line' id='line_1_22' title="bbox 567 2526 2716 2628; baseline -0.002 -22"><span class='ocrx_word' id='word_1_156' title='bbox 567 2530 958 2607; x_wconf 88' lang='lat' dir='ltr'><strong>triduum</strong></span> <span class='ocrx_word' id='word_1_157' title='bbox 939 2555 1013 2603; x_wconf 89' lang='lat' dir='ltr'><strong>m</strong></span> <span class='ocrx_word' id='word_1_158' title='bbox 1066 2526 1450 2628; x_wconf 87' lang='lat' dir='ltr'><strong>Sparronis</strong></span> <span class='ocrx_word' id='word_1_159' title='bbox 1488 2536 1811 2603; x_wconf 84' lang='lat' dir='ltr'><strong>castrum</strong></span> <span class='ocrx_word' id='word_1_160' title='bbox 1862 2550 2135 2599; x_wconf 88' lang='lat' dir='ltr'><strong>annum</strong></span> <span class='ocrx_word' id='word_1_161' title='bbox 2186 2526 2627 2602; x_wconf 87' lang='lat' dir='ltr'><strong>obsederat</strong></span> <span class='ocrx_word' id='word_1_162' title='bbox 2610 2554 2716 2601; x_wconf 80' lang='lat' dir='ltr'><strong>in-</strong></span> 
     </span>
     <span class='ocr_line' id='line_1_23' title="bbox 567 2626 2717 2729; baseline -0.002 -23"><span class='ocrx_word' id='word_1_163' title='bbox 567 2646 894 2729; x_wconf 76' lang='lat' dir='ltr'><strong>tegrum,</strong></span> <span class='ocrx_word' id='word_1_164' title='bbox 948 2654 1164 2729; x_wconf 90' lang='lat' dir='ltr'><strong>quem</strong></span> <span class='ocrx_word' id='word_1_165' title='bbox 1207 2651 1469 2725; x_wconf 86' lang='lat' dir='ltr'><strong>capere</strong></span> <span class='ocrx_word' id='word_1_166' title='bbox 1512 2626 1815 2701; x_wconf 87' lang='lat' dir='ltr'><strong>minime</strong></span> <span class='ocrx_word' id='word_1_167' title='bbox 1864 2627 2131 2727; x_wconf 76' lang='lat' dir='ltr'><strong>potuit3</strong></span> <span class='ocrx_word' id='word_1_168' title='bbox 2182 2628 2313 2703; x_wconf 86' lang='lat' dir='ltr'><strong>sed</strong></span> <span class='ocrx_word' id='word_1_169' title='bbox 2349 2640 2515 2727; x_wconf 88' lang='lat' dir='ltr'><strong>post</strong></span> <span class='ocrx_word' id='word_1_170' title='bbox 2563 2652 2717 2701; x_wconf 90' lang='lat' dir='ltr'><strong>mo-</strong></span> 
     </span>
     <span class='ocr_line' id='line_1_24' title="bbox 497 2726 2717 2843; baseline -0.001 -40"><span class='ocrx_word' id='word_1_171' title='bbox 497 2793 506 2803; x_wconf 94' lang='lat'><strong>.</strong></span> <span class='ocrx_word' id='word_1_172' title='bbox 567 2733 810 2807; x_wconf 89' lang='lat' dir='ltr'><strong>dicum</strong></span> <span class='ocrx_word' id='word_1_173' title='bbox 860 2729 1260 2803; x_wconf 88' lang='lat' dir='ltr'><strong>monachus</strong></span> <span class='ocrx_word' id='word_1_174' title='bbox 1313 2726 1644 2801; x_wconf 78' lang='lat' dir='ltr'><strong>efficitur.</strong></span> <span class='ocrx_word' id='word_1_175' title='bbox 1729 2728 1861 2802; x_wconf 89' lang='lat' dir='ltr'><strong>Ille</strong></span> <span class='ocrx_word' id='word_1_176' title='bbox 1906 2748 2081 2803; x_wconf 88' lang='lat' dir='ltr'><strong>vero</strong></span> <span class='ocrx_word' id='word_1_177' title='bbox 2126 2751 2355 2825; x_wconf 86' lang='lat' dir='ltr'><strong>regno</strong></span> <span class='ocrx_word' id='word_1_178' title='bbox 2407 2731 2717 2843; x_wconf 79' lang='lat' dir='ltr'><strong>privato</strong></span> 
     </span>
     <span class='ocr_line' id='line_1_25' title="bbox 566 2828 2719 2928; baseline -0.002 -22"><span class='ocrx_word' id='word_1_179' title='bbox 566 2830 948 2906; x_wconf 90' lang='lat' dir='ltr'><strong>Heinricus</strong></span> <span class='ocrx_word' id='word_1_180' title='bbox 996 2848 1166 2901; x_wconf 86' lang='lat' dir='ltr'><strong>mox</strong></span> <span class='ocrx_word' id='word_1_181' title='bbox 1213 2828 1424 2900; x_wconf 86' lang='lat' dir='ltr'><strong>illum</strong></span> <span class='ocrx_word' id='word_1_182' title='bbox 1467 2828 1792 2928; x_wconf 75' lang='lat' dir='ltr'><strong>arripuit,</strong></span> <span class='ocrx_word' id='word_1_183' title='bbox 1844 2828 2215 2926; x_wconf 82' lang='lat' dir='ltr'><strong>tenuitque</strong></span> <span class='ocrx_word' id='word_1_184' title='bbox 2252 2853 2422 2902; x_wconf 90' lang='lat' dir='ltr'><strong>eum</strong></span> <span class='ocrx_word' id='word_1_185' title='bbox 2464 2829 2719 2925; x_wconf 84' lang='lat' dir='ltr'><strong>viginti</strong></span> 
     </span>
     <span class='ocr_line' id='line_1_26' title="bbox 567 2928 2717 3027; baseline -0.002 -22"><span class='ocrx_word' id='word_1_186' title='bbox 567 2954 818 3005; x_wconf 89' lang='lat' dir='ltr'><strong>annos.</strong></span> <span class='ocrx_word' id='word_1_187' title='bbox 921 2928 1068 3007; x_wconf 69' lang='lat' dir='ltr'><strong>,Hic</strong></span> <span class='ocrx_word' id='word_1_188' title='bbox 1114 2928 1344 3003; x_wconf 80' lang='lat' dir='ltr'><strong>multe</strong></span> <span class='ocrx_word' id='word_1_189' title='bbox 1395 2928 1781 3025; x_wconf 89' lang='lat' dir='ltr'><strong>prudentie</strong></span> <span class='ocrx_word' id='word_1_190' title='bbox 1831 2930 2005 3022; x_wconf 72' lang='lat' dir='ltr'><strong>fuit,</strong></span> <span class='ocrx_word' id='word_1_191' title='bbox 2057 2929 2358 3001; x_wconf 87' lang='lat' dir='ltr'><strong>scientia</strong></span> <span class='ocrx_word' id='word_1_192' title='bbox 2402 2953 2717 3027; x_wconf 88' lang='lat' dir='ltr'><strong>namque</strong></span> 
     </span>
     <span class='ocr_line' id='line_1_27' title="bbox 566 3026 2717 3104; baseline -0.001 0"><span class='ocrx_word' id='word_1_193' title='bbox 566 3034 974 3104; x_wconf 82' lang='lat' dir='ltr'><strong>litterarum</strong></span> <span class='ocrx_word' id='word_1_194' title='bbox 1020 3027 1524 3101; x_wconf 83' lang='lat' dir='ltr'><strong>strenuissime</strong></span> <span class='ocrx_word' id='word_1_195' title='bbox 1555 3026 1899 3101; x_wconf 87' lang='lat' dir='ltr'><strong>imbutus.</strong></span> <span class='ocrx_word' id='word_1_196' title='bbox 1968 3027 2427 3101; x_wconf 86' lang='lat' dir='ltr'><strong>Marchiones</strong></span> <span class='ocrx_word' id='word_1_197' title='bbox 2468 3041 2717 3102; x_wconf 87' lang='lat' dir='ltr'><strong>autem</strong></span> 
     </span>
     <span class='ocr_line' id='line_1_28' title="bbox 565 3127 2715 3229; baseline 0 -26"><span class='ocrx_word' id='word_1_198' title='bbox 565 3142 780 3227; x_wconf 91' lang='lat' dir='ltr'><strong>atque</strong></span> <span class='ocrx_word' id='word_1_199' title='bbox 833 3128 1240 3229; x_wconf 78' lang='lat' dir='ltr'><strong>episcopos,</strong></span> <span class='ocrx_word' id='word_1_200' title='bbox 1293 3128 1514 3201; x_wconf 89' lang='lat' dir='ltr'><strong>duces</strong></span> <span class='ocrx_word' id='word_1_201' title='bbox 1566 3140 1643 3201; x_wconf 91' lang='lat' dir='ltr'><strong>et</strong></span> <span class='ocrx_word' id='word_1_202' title='bbox 1677 3127 2006 3222; x_wconf 65' lang='lat' dir='ltr'><strong>comites,</strong></span> <span class='ocrx_word' id='word_1_203' title='bbox 2060 3151 2342 3200; x_wconf 90' lang='lat' dir='ltr'><strong>necnon</strong></span> <span class='ocrx_word' id='word_1_204' title='bbox 2388 3127 2715 3224; x_wconf 78' lang='lat' dir='ltr'><strong>abbateS‚</strong></span> 
     </span>
     <span class='ocr_line' id='line_1_29' title="bbox 565 3226 2716 3329; baseline 0 -26"><span class='ocrx_word' id='word_1_205' title='bbox 565 3253 872 3329; x_wconf 90' lang='lat' dir='ltr'><strong>quorum</strong></span> <span class='ocrx_word' id='word_1_206' title='bbox 938 3253 1175 3328; x_wconf 87' lang='lat' dir='ltr'><strong>prava</strong></span> <span class='ocrx_word' id='word_1_207' title='bbox 1239 3240 1449 3302; x_wconf 89' lang='lat' dir='ltr'><strong>erant</strong></span> <span class='ocrx_word' id='word_1_208' title='bbox 1522 3226 1823 3324; x_wconf 72' lang='lat' dir='ltr'><strong>itinera,</strong></span> <span class='ocrx_word' id='word_1_209' title='bbox 1907 3227 2336 3325; x_wconf 79' lang='lat' dir='ltr'><strong>colrigendo</strong></span> <span class='ocrx_word' id='word_1_210' title='bbox 2406 3230 2716 3303; x_wconf 87' lang='lat' dir='ltr'><strong>multum</strong></span> 
     </span>
     <span class='ocr_line' id='line_1_30' title="bbox 566 3328 2717 3427; baseline -0.001 -24"><span class='ocrx_word' id='word_1_211' title='bbox 566 3328 1018 3424; x_wconf 75' lang='lat' dir='ltr'><strong>emendavit3</strong></span> <span class='ocrx_word' id='word_1_212' title='bbox 1072 3329 1531 3404; x_wconf 86' lang='lat' dir='ltr'><strong>marchiones</strong></span> <span class='ocrx_word' id='word_1_213' title='bbox 1586 3340 1832 3403; x_wconf 89' lang='lat' dir='ltr'><strong>autem</strong></span> <span class='ocrx_word' id='word_1_214' title='bbox 1883 3329 2111 3403; x_wconf 88' lang='lat' dir='ltr'><strong>Italici</strong></span> <span class='ocrx_word' id='word_1_215' title='bbox 2143 3328 2355 3427; x_wconf 82' lang='lat' dir='ltr'><strong>regni</strong></span> <span class='ocrx_word' id='word_1_216' title='bbox 2388 3355 2521 3405; x_wconf 90' lang='lat' dir='ltr'><strong>sua</strong></span> <span class='ocrx_word' id='word_1_217' title='bbox 2573 3331 2717 3402; x_wconf 90' lang='lat' dir='ltr'><strong>cal-</strong></span> 
     </span>
     <span class='ocr_line' id='line_1_31' title="bbox 565 3428 2718 3529; baseline 0 -26"><span class='ocrx_word' id='word_1_218' title='bbox 565 3431 844 3505; x_wconf 88' lang='lat' dir='ltr'><strong>liditate</strong></span> <span class='ocrx_word' id='word_1_219' title='bbox 909 3431 1206 3527; x_wconf 88' lang='lat' dir='ltr'><strong>capiens</strong></span> <span class='ocrx_word' id='word_1_220' title='bbox 1267 3441 1341 3503; x_wconf 87' lang='lat' dir='ltr'><strong>et</strong></span> <span class='ocrx_word' id='word_1_221' title='bbox 1407 3430 1482 3502; x_wconf 89' lang='lat' dir='ltr'><strong>in</strong></span> <span class='ocrx_word' id='word_1_222' title='bbox 1550 3428 1881 3504; x_wconf 87' lang='lat' dir='ltr'><strong>custodia</strong></span> <span class='ocrx_word' id='word_1_223' title='bbox 1947 3454 2250 3529; x_wconf 90' lang='lat' dir='ltr'><strong>ponens.</strong></span> <span class='ocrx_word' id='word_1_224' title='bbox 2386 3432 2718 3519; x_wconf 82' lang='lat' dir='ltr'><strong>Quorum</strong></span> 
     </span>
     <span class='ocr_line' id='line_1_32' title="bbox 564 3528 2719 3629; baseline -0.001 -24"><span class='ocrx_word' id='word_1_225' title='bbox 564 3531 890 3605; x_wconf 87' lang='lat' dir='ltr'><strong>nonnulli</strong></span> <span class='ocrx_word' id='word_1_226' title='bbox 941 3532 1192 3625; x_wconf 82' lang='lat' dir='ltr'><strong>fugam</strong></span> <span class='ocrx_word' id='word_1_227' title='bbox 1243 3529 1455 3628; x_wconf 72' lang='lat' dir='ltr'><strong>lapsi,</strong></span> <span class='ocrx_word' id='word_1_228' title='bbox 1507 3528 1691 3604; x_wconf 84' lang='lat' dir='ltr'><strong>alios</strong></span> <span class='ocrx_word' id='word_1_229' title='bbox 1742 3555 1917 3603; x_wconf 89' lang='lat' dir='ltr'><strong>vero</strong></span> <span class='ocrx_word' id='word_1_230' title='bbox 1970 3542 2138 3629; x_wconf 87' lang='lat' dir='ltr'><strong>post</strong></span> <span class='ocrx_word' id='word_1_231' title='bbox 2188 3531 2719 3607; x_wconf 86' lang='lat' dir='ltr'><strong>correctionem</strong></span> 
     </span>
     <span class='ocr_line' id='line_1_33' title="bbox 565 3628 2715 3727; baseline -0 -23"><span class='ocrx_word' id='word_1_232' title='bbox 565 3631 828 3704; x_wconf 89' lang='lat' dir='ltr'><strong>ditatos</strong></span> <span class='ocrx_word' id='word_1_233' title='bbox 876 3628 1298 3703; x_wconf 87' lang='lat' dir='ltr'><strong>muneribus</strong></span> <span class='ocrx_word' id='word_1_234' title='bbox 1345 3629 1639 3705; x_wconf 88' lang='lat' dir='ltr'><strong>dimisit.</strong></span> <span class='ocrx_word' id='word_1_235' title='bbox 1743 3630 1877 3703; x_wconf 88' lang='lat' dir='ltr'><strong>Hic</strong></span> <span class='ocrx_word' id='word_1_236' title='bbox 1927 3629 2100 3703; x_wconf 89' lang='lat' dir='ltr'><strong>dum</strong></span> <span class='ocrx_word' id='word_1_237' title='bbox 2149 3631 2351 3727; x_wconf 68' lang='lat' dir='ltr'><strong>vixit,</strong></span> <span class='ocrx_word' id='word_1_238' title='bbox 2404 3634 2715 3706; x_wconf 87' lang='lat' dir='ltr'><strong>multum</strong></span> 
     </span>
     <span class='ocr_line' id='line_1_34' title="bbox 564 3730 2711 3825; baseline -0.002 -20"><span class='ocrx_word' id='word_1_239' title='bbox 564 3742 848 3805; x_wconf 87' lang='lat' dir='ltr'><strong>amator</strong></span> <span class='ocrx_word' id='word_1_240' title='bbox 883 3742 1128 3804; x_wconf 90' lang='lat' dir='ltr'><strong>nostre</strong></span> <span class='ocrx_word' id='word_1_241' title='bbox 1181 3730 1512 3825; x_wconf 86' lang='lat' dir='ltr'><strong>abbatiae</strong></span> <span class='ocrx_word' id='word_1_242' title='bbox 1567 3730 1803 3806; x_wconf 85' lang='lat' dir='ltr'><strong>extitit</strong></span> <span class='ocrx_word' id='word_1_243' title='bbox 1852 3731 1990 3804; x_wconf 91' lang='lat' dir='ltr'><strong>hac</strong></span> <span class='ocrx_word' id='word_1_244' title='bbox 2032 3744 2281 3807; x_wconf 88' lang='lat' dir='ltr'><strong>custos</strong></span> <span class='ocrx_word' id='word_1_245' title='bbox 2331 3756 2495 3805; x_wconf 88' lang='lat' dir='ltr'><strong>cum</strong></span> <span class='ocrx_word' id='word_1_246' title='bbox 2542 3754 2711 3803; x_wconf 88' lang='lat' dir='ltr'><strong>con-</strong></span> 
     </span>
     <span class='ocr_line' id='line_1_35' title="bbox 564 3834 1300 3929; baseline -0.006 -24"><span class='ocrx_word' id='word_1_247' title='bbox 564 3834 734 3929; x_wconf 78' lang='lat' dir='ltr'><strong>iuge</strong></span> <span class='ocrx_word' id='word_1_248' title='bbox 787 3855 918 3905; x_wconf 86' lang='lat' dir='ltr'><strong>sue</strong></span> <span class='ocrx_word' id='word_1_249' title='bbox 971 3842 1300 3925; x_wconf 86' lang='lat' dir='ltr'><strong>auguste.</strong></span> 
     </span>
    </p>

    <p class='ocr_par' dir='ltr' id='par_1_4' title="bbox 564 3926 2716 4233">
     <span class='ocr_line' id='line_1_36' title="bbox 717 3926 2715 4028; baseline -0.001 -25"><span class='ocrx_word' id='word_1_250' title='bbox 717 3933 832 4005; x_wconf 89' lang='lat'><strong>17.</strong></span> <span class='ocrx_word' id='word_1_251' title='bbox 887 3931 1242 4003; x_wconf 84' lang='lat' dir='ltr'><strong>Defuncto</strong></span> <span class='ocrx_word' id='word_1_252' title='bbox 1283 3954 1567 4028; x_wconf 91' lang='lat' dir='ltr'><strong>quoque</strong></span> <span class='ocrx_word' id='word_1_253' title='bbox 1611 3930 1991 4020; x_wconf 69' lang='lat' dir='ltr'><strong>Heinrico..</strong></span> <span class='ocrx_word' id='word_1_254' title='bbox 2047 3926 2520 4008; x_wconf 87' lang='lat' dir='ltr'><strong>Chuonradus</strong></span> <span class='ocrx_word' id='word_1_255' title='bbox 2581 3950 2715 4015; x_wconf 82' lang='lat' dir='ltr'><strong>per</strong></span> 
     </span>
     <span class='ocr_line' id='line_1_37' title="bbox 564 4028 2715 4129; baseline -0.002 -24"><span class='ocrx_word' id='word_1_256' title='bbox 564 4032 802 4105; x_wconf 90' lang='lat' dir='ltr'><strong>omnia</strong></span> <span class='ocrx_word' id='word_1_257' title='bbox 857 4032 1262 4105; x_wconf 85' lang='lat' dir='ltr'><strong>litterarum</strong></span> <span class='ocrx_word' id='word_1_258' title='bbox 1315 4029 1583 4107; x_wconf 89' lang='lat' dir='ltr'><strong>inscius</strong></span> <span class='ocrx_word' id='word_1_259' title='bbox 1636 4043 1853 4129; x_wconf 85' lang='lat' dir='ltr'><strong>atque</strong></span> <span class='ocrx_word' id='word_1_260' title='bbox 1906 4031 2127 4105; x_wconf 86' lang='lat' dir='ltr'><strong>idiota</strong></span> <span class='ocrx_word' id='word_1_261' title='bbox 2176 4050 2484 4124; x_wconf 82' lang='lat' dir='ltr'><strong>regnum</strong></span> <span class='ocrx_word' id='word_1_262' title='bbox 2537 4028 2715 4103; x_wconf 84' lang='lat' dir='ltr'><strong>arri-</strong></span> 
     </span>
     <span class='ocr_line' id='line_1_38' title="bbox 565 4122 2716 4233; baseline -0.001 -26"><span class='ocrx_word' id='word_1_263' title='bbox 565 4133 722 4233; x_wconf 92' lang='lat' dir='ltr'><strong>puit</strong></span> <span class='ocrx_word' id='word_1_264' title='bbox 805 4122 1478 4230; x_wconf 81' lang='lat' dir='ltr'><strong>Longobardorum.</strong></span> <span class='ocrx_word' id='word_1_265' title='bbox 1614 4134 1753 4223; x_wconf 84' lang='lat' dir='ltr'><strong>Qui</strong></span> <span class='ocrx_word' id='word_1_266' title='bbox 1838 4132 2221 4206; x_wconf 86' lang='lat' dir='ltr'><strong>nonnullas</strong></span> <span class='ocrx_word' id='word_1_267' title='bbox 2300 4127 2716 4228; x_wconf 83' lang='lat' dir='ltr'><strong>subiugavit</strong></span> 
     </span>
    </p>
   </div>
  </div>
 </body>
</html>
