3034 4900
589 333 686 410 18
1035 325 1589 404 CHRONICON
1640 323 2352 404 NOVALICIENSE.

513 540 533 559 ν
681 510 904 609 Atque
951 509 1346 626 Waltbario
1391 509 1497 584 ad
1532 507 1909 588 bibendum
1958 509 2251 584 obtulit:
2309 510 2443 600 Qui
2472 513 2773 608 siqnans
2997 605 3011 616 ἱ

693 711 1228 806 Virqineamque
1275 731 1577 782 manum
1620 610 1979 803 pffgssfssf'ff
1980 710 2444 803 constrimit3
2518 719 2598 784 at
2644 712 2771 787 illa

680 811 1002 886 Reticens
1053 811 1320 884 vultum
1368 809 1671 882 intendit
1712 811 1787 880 in
1839 832 2018 882 eum.

683 911 994 1008 Cumque
1057 911 1494 984 Waltharius
1544 907 1863 1004 bibisset,
1916 931 2227 984 vacuum
2278 932 2413 982 vas
2461 911 2775 986 reddidit

1677 1007 1781 1080 illi
1831 1051 1930 1064 —-

676 1107 902 1182 Ambo
953 1112 1138 1183 enim
1189 1113 1545 1182 noverant
1588 1106 1677 1180 de
1726 1131 1805 1180 se
1854 1108 2227 1203 sponsalia
2276 1110 2485 1195 facta
2535 1155 2636 1168 —-

675 1210 1044 1284 Provocat
1087 1216 1160 1284 et
1205 1207 1337 1282 tali
1385 1231 1647 1282 caram
1694 1231 2021 1284 sermone
2057 1207 2424 1302 puellam.-

680 1310 1041 1426 „Exilium
1089 1311 1368 1404 pariter
1413 1310 1737 1403 patimur
1784 1309 1937 1381 iam
1986 1313 2302 1403 tempore
2351 1315 2579 1384 tanto.

681 1409 844 1482 Non
909 1412 1332 1505 iquoramus
1386 1410 1607 1505 enim,
1676 1407 1871 1506 quod
1924 1411 2153 1482 nostri
2210 1410 2581 1505 quondam
2625 1433 2765 1505 pa-

1674 1514 1909 1582 rentes

676 1606 870 1680 Inter
917 1631 1028 1705 se
1025 1614 1298 1682 nostra
1351 1607 1440 1682 de
1490 1631 1571 1706 re
1617 1609 1851 1694 fecere
1898 1609 2171 1694 futura.
2178 1607 2225 1646 ‘⁶

583 1705 783 1796 Quae
831 1731 995 1781 cum
1045 1707 1167 1780 diu
1207 1707 1390 1780 talia
1440 1714 1508 1780 et
1558 1708 1713 1782 alia
1759 1708 2166 1783 huiusmodi
2208 1706 2531 1782 audisset
2559 1711 2763 1805 virqo

579 1807 833 1903 verba,
901 1808 1272 1904 coyitabat
1315 1807 1454 1882 hoc
1501 1807 1602 1881 illi
1656 1833 1792 1903 per
1850 1807 2229 1902 hyroniam
2297 1809 2528 1884 dicere
2546 1867 2569 1905 ,
2636 1809 2769 1884 sed

570 1906 944 2000 paululum
996 1931 1155 1980 cum
1207 1910 1691 2002 conticuisset,
1762 1908 1943 1980 talia
1992 1910 2093 1982 illi
2138 1911 2386 1996 fatur·
2361 1964 2379 1981 .

683 2006 926 2102 „Ouid
947 2007 1192 2104 linqua
1217 2008 1525 2080 simulas
1540 2007 1735 2102 quod
1756 2007 1851 2078 ab
1874 2009 2018 2078 imo
2036 2015 2328 2100 pectore
2358 2007 2764 2104 dampnas?

684 2107 824 2179 Ore
873 2107 1042 2178 mihi
1090 2109 1318 2201 finqis,
1370 2112 1520 2178 toto
1574 2105 1768 2201 quod
1816 2105 2035 2181 corde
2085 2108 2397 2200 refutas,

679 2206 1078 2304 Tamquam
1111 2209 1176 2279 si
1207 2208 1301 2280 sit
1338 2206 1462 2280 tibi
1489 2228 1801 2302 maynus
1823 2205 2069 2301 pudor
2096 2205 2352 2280 ducere
2384 2205 2760 2300 nuptam.“

687 2306 802 2378 Vir
847 2308 1138 2402 sapiens
1187 2315 1451 2402 contra*
1494 2305 1898 2400 respondit,
1952 2313 2024 2380 et
2066 2305 2297 2390 intulit
2344 2308 2487 2380 ista
2506 2331 2532 2377 .-

672 2405 942 2500 „Absit,
969 2405 1164 2500 quod
1191 2429 1573 2478 memoras.
1644 2406 2117 2479 Dextrorsum
2134 2407 2429 2501 porriqe
2454 2429 2755 2481 sensum.

619 2538 630 2543 ·
675 2506 852 2583 Scis.
874 2506 1082 2600 enim,
1121 2502 1226 2577 nil
1266 2525 1608 2601 umquam
1646 2528 1757 2579 me
1792 2503 2133 2577 simulata
2172 2512 2399 2577 mente
2426 2506 2754 2581 locutum.

571 2604 794 2679 Adest
825 2606 1064 2703 itaque
1104 2604 1218 2679 hic
1251 2606 1508 2700 nullus,
1544 2607 1851 2701 exceptis
1872 2604 2080 2679 nobis
2106 2604 2401 2679 duobus.
2476 2604 2752 2679 Amodo

571 2728 880 2801 namque
931 2712 1082 2779 esto
1131 2712 1358 2779 mente
1407 2706 1753 2801 sollicita,
1807 2726 1993 2802 quae
2034 2707 2465 2781 extrinsecus
2516 2722 2597 2780 es·
2642 2730 2751 2779 re-

569 2807 681 2898 qis
731 2805 1156 2899 reyinaeque
1207 2803 1563 2878 thesauris
1616 2804 1940 2879 custoda.
2048 2820 2055 2825 ·

669 2903 756 2975 In
796 2904 1055 2997 primis
1103 2904 1394 3000 yaleam
1444 2906 1633 2999 reqis
1683 2906 2135 3021 tunicamque
2184 2906 2479 2981 trilicem

667 3001 928 3076 Assero
979 3003 1284 3081 loricam
1331 3005 1715 3091 fabrorum
1769 3006 2044 3099 insiqne
2093 3007 2451 3090 ferentem.

669 3104 950 3198 Diripe
964 3103 1180 3198 bina,
1231 3103 1479 3177 dehinc
1530 3105 1924 3182 mediocria
1974 3106 2245 3177 scrinia
2296 3106 2478 3179 tolle.

667 3204 804 3277 His
856 3204 1309 3278 armillarum
1357 3211 1638 3279 tantum
1690 3207 1793 3279 da
1840 3205 2450 3306 Pannonicorum,

663 3302 910 3377 Donec
975 3306 1094 3379 vix
1142 3304 1405 3378 releves
1453 3329 1675 3379 unum
1726 3306 1830 3381 ad
1866 3307 2183 3399 pectoris
2231 3305 2518 3401 honum,
2658 3304 2680 3369 '-

664 3403 840 3477 Inde
891 3410 1147 3501 quater
1195 3406 1436 3477 binum
1484 3405 1658 3479 mihi
1702 3408 1833 3493 fac
1883 3404 1970 3479 de
2018 3428 2217 3479 more
2270 3413 2665 3481 coturnum.

657 3503 962 3598 Insuper
1013 3528 1062 3577 a
1113 3506 1350 3591 fabris
1398 3505 1657 3581 hamos
1716 3507 1907 3581 clam
1950 3529 2173 3599 posce
2220 3512 2549 3581 retortos.

660 3601 936 3675 Nostra
983 3608 1252 3679 viatica
1304 3608 1448 3679 sint
1485 3609 1721 3723 pisces
1768 3604 1982 3681 simul
2031 3612 2243 3701 atque
2293 3607 2633 3685 volucres.

555 3758 562 3772 ,
658 3700 821 3793 Ipse
871 3725 1002 3796 eqo
1048 3707 1376 3795 piscator
1423 3707 1593 3780 sed
1602 3713 1869 3804 auceps
1928 3729 2079 3779 esse
2132 3705 2491 3781 cohartor.

657 3799 863 3873 Haec
912 3802 1108 3875 intra
1159 3803 1545 3903 ebdomedg
1594 3814 1802 3882 caute
1847 3829 1980 3903 per
2008 3806 2313 3901 sinyula
2362 3802 2653 3899 comple.

658 3896 937 3971 Audisti
969 3899 1180 3995 quod
1224 3900 1491 3975 habere
1542 3908 1766 3978 vianti
1810 3911 1999 3993 forte
2050 3927 2331 3977 necesse
2382 3909 2507 3976 est.

652 3998 1044 4094 Postquam
1107 4006 1434 4095 septenos
1481 4003 1807 4081 Phoebus
1858 4004 2277 4081 remeaverit
2326 4002 2535 4077 orbes

654 4098 994 4173 Convivia
1043 4098 1239 4175 laeta
1278 4104 1573 4196 parabo
