3034 4900
1116 359 1596 434 APPENDIX.
2346 362 2439 434 91

287 545 512 619 siduis
569 544 894 640 precibus
955 546 1236 616 mininie
1310 543 1705 616 desistimus
1753 540 2050 628 fundere
2100 548 2303 638 vota,
2368 547 2452 615 ut

287 653 563 720 uestras
593 647 885 718 mittatis
917 647 1374 718 sanctisimas
1403 643 1899 716 elementorum
1947 642 2235 715 notulas
2278 667 2445 716 san-

291 749 558 820 ctisimo
625 749 1072 840 imperatori,
1141 769 1324 841 quae
1377 745 1732 839 resiynent
1774 742 1911 836 illi,
1982 741 2283 838 qualiter
2332 766 2447 817 res

287 853 526 943 yestae
575 847 842 932 fuerint
886 848 1066 918 inter
1119 846 1591 939 prescriptum
1652 842 2137 916 marchionem
2202 849 2269 914 et
2321 865 2447 915 no·-

287 954 513 1020 sto-um
559 944 1006 1040 patronum5
1063 947 1399 1040 quoniam
1452 944 1634 1015 adeo
1696 943 1797 1016 ad
1857 942 2145 1016 nihilum
2206 965 2451 1016 sumus

288 1047 598 1138 redacti,
667 1053 748 1118 ut
788 1069 994 1118 nemo
1045 1051 1366 1118 nostrum
1415 1067 1635 1138 neque
1674 1042 1947 1160 ‘palam
2012 1043 2227 1116 audet
2290 1042 2451 1116 inde

289 1147 580 1218 verbum
647 1147 876 1219 dicere
924 1169 1144 1241 neque
1196 1144 1297 1217 ad
1345 1150 1613 1216 cortem
1660 1145 1801 1236 ire,
1873 1143 1961 1217 ob
2013 1151 2273 1217 metum
2322 1145 2450 1216 ini·

289 1247 408 1341 qui
457 1245 697 1318 hostis.
821 1245 1118 1339 Insuper
1175 1246 1538 1340 poscimus
1584 1251 1683 1338 te,
1750 1200 1944 1318 illum
2002 1244 2241 1317 taliter
2288 1267 2451 1338 sup-

282 1345 596 1462 plicare,
661 1352 743 1417 ut
785 1349 849 1417 si
896 1348 1212 1462 qratiam
1261 1345 1397 1417 Dei
1464 1347 1657 1438 cupit
1699 1344 1959 1416 habere
2010 1351 2454 1441 eternumque
2484 1401 2501 1417 ,

292 1448 661 1540 imperium
708 1449 996 1540 superni
1045 1448 1231 1542 reqis
1281 1448 1344 1517 si
1391 1447 1601 1540 qestit
1640 1447 2080 1539 participare
2129 1468 2283 1517 cum
2324 1467 2452 1516 an-

289 1546 494 1641 qelis,
558 1544 803 1618 reddet
854 1546 1101 1619 abbati
1151 1571 1240 1618 ac
1291 1545 1660 1617 monachis
1708 1551 1937 1618 totam
1989 1544 2300 1617 tellurem
2356 1544 2456 1617 ad

290 1649 518 1741 ipsum
587 1647 999 1719 coenobium
1045 1649 1500 1739 pertinentem
1556 1669 1715 1716 cum
1762 1644 2056 1731 famulis
2108 1669 2197 1716 ac
2246 1645 2455 1716 rebus

290 1747 547 1817 ibidem
597 1746 1084 1840 attinentibus,
1155 1769 1244 1816 ac
1295 1745 1480 1818 dicet
1528 1747 1746 1831 effero
1797 1747 2069 1838 comiti,
2142 1744 2335 1840 quod
2393 1746 2457 1817 si

295 1842 598 1938 amplius
657 1847 1116 1917 intromiserit
1157 1868 1234 1918 se
1267 1845 1370 1916 -de
1413 1844 1683 1940 prediis
1742 1846 1962 1938 ipsius
2020 1845 2453 1938 monasterii,

291 1947 364 2018 in
407 1951 820 2039 perpetuum
869 1947 1149 2017 minime
1199 1947 1426 2039 ipsum
1476 1943 1759 2017 habebit
1808 1946 2115 2016 amicum
2164 1967 2287 2015 nec
2328 1943 2456 2016 do·

293 2047 575 2117 minum.
693 2045 962 2130 Deinde
1012 2045 1358 2141 supplices
1407 2069 1790 2119 exoramus
1852 2043 2243 2116 benivolam
2303 2066 2455 2116 mu-

291 2147 716 2234 nificentiam
763 2152 1041 2220 vestrae
1091 2147 1410 2240 ditionis,
1464 2153 1809 2243 quatenus
1858 2169 1947 2216 ecc
1988 2151 2199 2238 parte
2247 2145 2460 2217 vestn‘

293 2253 365 2318 et
401 2269 536 2340 per
585 2250 856 2317 vestros
905 2245 1180 2340 leyatos
1229 2247 1442 2318 talem
1505 2246 1607 2318 illi
1665 2247 2169 2317 transmittatis
2222 2247 2460 2317 comiti

295 2344 963 2440 anathemationem,
1017 2344 1210 2441 quod
1256 2347 1319 2418 si
1369 2345 1672 2439 amplius
1724 2350 1978 2416 contra
2028 2345 2460 2417 voluntatem

293 2445 826 2519 coenobitarum
871 2448 1171 2519 tenuerit
1194 2445 1450 2541 predia
1499 2448 1720 2540 ipsius
1770 2445 1928 2540 loci,
1980 2444 2457 2540 condempna-

293 2552 410 2619 tus
459 2552 530 2619 et
577 2547 1076 2621 anathematus
1102 2554 1535 2641 permaneat
1560 2550 1635 2619 in
1668 2554 1954 2629 aeterno
1982 2549 2251 2619 tartari
2276 2549 2453 2641 iyne.

299 2645 504 2735 Quod
513 2670 516 2677 ·
571 2654 922 2742 superest,
1003 2649 1472 2733 manifestare
1554 2671 1643 2719 ac
1724 2670 2053 2741 promere
2127 2649 2461 2742 qestimus

291 2770 616 2821 summae
669 2750 1029 2821 maiestati
1077 2754 1354 2821 vestrae
1373 2803 1396 2843 ,
1469 2770 1512 2819 o
1579 2752 1956 2841 prepotens
2014 2748 2261 2842 presul
2306 2750 2458 2819 uni·

293 2870 544 2921 versae
591 2850 994 2922 sanctitatis
1045 2854 1113 2920 et
1157 2848 1516 2941 facundie,
1570 2848 1765 2945 quod
1813 2872 2086 2943 semper
2136 2854 2458 2943 expecta·

293 2950 551 3042 vimus,
619 2954 760 3044 quo
823 2950 1067 3021 mundi
1121 2948 1390 3043 plastes
1433 2950 1813 3022 Dominus.
1848 2950 2183 3021 tribueret
2244 2948 2457 3021 talem

285 3055 678 3144 patronum
729 3049 1164 3144 apostolicae
1215 3051 1551 3123 ecclesiae
1566 3106 1586 3143 ,
1648 3053 1765 3145 qui
1814 3052 1953 3121 ritu
2008 3052 2459 3145 antiquorum

285 3158 580 3243 patrum
643 3157 977 3224 sanctam
1037 3157 1316 3246 reyeret
1361 3151 1765 3243 ecclesiam,
1828 3175 1960 3243 per
2010 3173 2213 3244 quem
2261 3149 2462 3221 salus

297 3273 388 3320 ac
437 3252 876 3343 recuperatio
907 3258 1200 3323 nostrae
1239 3254 1535 3344 eyestati
1568 3252 1833 3320 veniret
1860 3249 2172 3320 caelitus.
2256 3247 2462 3335 Quod

295 3346 648 3421 credimus
711 3351 870 3433 fore
931 3372 1360 3422 concessum.
1497 3346 2082 3442 Quandoquidem
2142 3346 2458 3420 candida

294 3450 500 3535 fama
555 3452 876 3542 pervenit
922 3449 1024 3521 ad
1070 3444 1362 3522 nostras
1412 3472 1647 3543 aures,
1700 3450 2049 3521 nuncians
2094 3448 2295 3521 nobis
2344 3450 2459 3532 fa·

295 3548 504 3621 mulis
552 3551 722 3643 tuis,
794 3549 986 3645 quod
1045 3573 1172 3622 nec
1223 3574 1507 3623 munere
1556 3548 1891 3643 placatus
1941 3570 2161 3644 neque
2207 3549 2459 3621 timore

287 3651 706 3745 perterritus
753 3673 1056 3745 usquam
1105 3654 1478 3723 recesseris
1528 3674 1579 3721 a
1631 3651 1921 3721 veritate
1970 3648 2216 3743 iuditii,
2271 3648 2462 3745 quod

297 3757 405 3824 est
448 3751 934 3823 sanctisimum
985 3753 1294 3822 omnium
1343 3774 1604 3822 rerum.
1640 3788 1734 3803 -—
1786 3749 1930 3823 Nec
1978 3755 2046 3821 te
2071 3749 2290 3822 latere
2340 3774 2459 3822 vo-

295 3850 528 3923 lumus
545 3908 566 3945 ,
619 3857 862 3924 sancte
905 3857 1149 3945 pater,
1204 3852 1396 3947 quod
1441 3849 1733 3947 quidam
1782 3874 2025 3945 senex,
2078 3853 2459 3923 sanctimo-

299 3951 554 4024 nialem
603 3951 920 4023 habitum
973 3952 1065 4024 ab
1115 3954 1426 4036 infantia
1476 3974 1727 4047 yerens
1776 3954 1845 4023 in
1892 3954 2047 4046 ipso
2100 3952 2458 4043 coenobia,

299 4048 466 4121 dum
517 4052 833 4148 quadam
883 4059 1084 4125 nocte
1133 4052 1339 4125 solito
1401 4077 1599 4125 more
1648 4055 1952 4143 intraret
2008 4054 2079 4124 in
2134 4051 2463 4124 eclesiam

299 4174 526 4222 causa
604 4156 988 4246 orationis,
1084 4160 1359 4259 repente
1431 4153 1753 4226 insolitus
1821 4177 2040 4247 sopor
2117 4152 2467 4246 oppressit
