3034 4900
1020 327 1294 402 LIBER
1344 327 1862 405 SECUNDUS.
1924 373 1932 382 ·
2085 359 2093 367 ·
2445 337 2543 412 29

359 536 530 586 cum
579 511 840 586 famuli
891 511 1124 613 ipsius
1191 510 1593 586 aecclesiae
1645 511 2241 611 respondissent,
2307 517 2545 594 bonos

358 626 456 688 et=
489 616 722 688 fortes
787 613 1064 686 habere
1125 635 1366 710 poene
1431 637 1514 686 se
1568 613 1910 711 essedos,
1970 627 2277 711 repente
2328 619 2545 693 iussit

359 738 490 788 eos
541 713 680 790 sibi
735 713 1120 788 adsistere.
1224 712 1507 801 Quibus
1545 712 1749 809 visiS,
1804 714 2136 789 ascendit
2168 739 2338 790 mox
2375 744 2542 793 cum

357 809 765 888 calcaribus
798 838 1022 888 causa
1053 812 1512 912 probationis
1542 836 1765 910 supra
1794 813 2257 909 singulorum
2284 817 2543 915 dorsa,

357 938 674 1011 cumque
750 915 1251 1014 promovisset
1304 913 1583 1009 primos
1654 923 1728 984 et
1792 914 2194 1012 secundoS,
2261 929 2337 992 et
2405 919 2544 992 sibi

359 1013 934 1114 displicuissent,
967 1011 1264 1084 rennuit
1305 1034 1459 1108 eos,
1494 1012 1863 1110 extemplo
1906 1037 2214 1088 narrans
2248 1017 2546 1092 illorum

355 1113 557 1187 vitia.
661 1115 795 1186 Ille
863 1136 1042 1185 vero
1096 1111 1496 1182 recordans
1548 1133 1803 1184 secum
1854 1137 2118 1212 nuper·
2153 1115 2547 1194 deduxisse

357 1214 434 1285 in
487 1213 937 1286 monasterio
992 1212 1118 1284 illo
1171 1210 1542 1284 caballum
1593 1210 1810 1284 valde
1855 1210 2156 1310 bonum,
2213 1217 2315 1291 ait
2364 1220 2544 1292 illis:

355 1313 566 1385 Illum
629 1335 802 1408 erqo
853 1311 1213 1384 caballum
1265 1334 1470 1407 quem
1534 1335 1667 1406 eqo
1730 1311 1867 1384 huc
1918 1315 2199 1387 veniens
2250 1316 2545 1413 adduxi,

357 1415 529 1485 vivit
577 1435 676 1486 an
721 1418 1051 1484 mortuus
1102 1411 1257 1484 est?
1327 1411 1898 1509 Responderunt
1947 1411 2088 1486 illi:
2169 1415 2362 1512 Vivit,
2418 1417 2546 1492 do-

357 1515 576 1607 mine,
643 1512 1021 1610 inquiunt,
1087 1513 1238 1582 iam
1287 1512 1561 1584 vetulus
1612 1518 1748 1606 est,
1813 1513 2120 1607 ceterum
2187 1516 2290 1589 ad
2337 1541 2547 1591 usum

351 1617 704 1710 pistorum
756 1613 1136 1707 deputatus
1189 1617 1313 1704 est,
1363 1614 1606 1696 ferens
1656 1612 1965 1708 quotidie
2015 1636 2383 1690 annona-m
2444 1618 2549 1692 ad

355 1713 837 1791 molendinum
886 1710 1027 1783 hac
1077 1713 1414 1797 referens,
1523 1711 1805 1799 Quibus
1840 1713 2332 1790 Waltharius:
2402 1716 2545 1790 Ad-

359 1813 676 1885 duo-atur
711 1809 934 1904 nobis,
990 1814 1060 1881 et
1106 1810 1475 1883 videamus
1526 1810 1833 1904 qualiter
1866 1835 1943 1883 se
1986 1811 2305 1887 habetur.
2412 1817 2544 1890 Cui

359 1934 528 1985 cum
594 1911 948 1984 adductus
1015 1921 1214 2008 esset
1275 1921 1351 1983 et
1413 1909 1877 1984 ascendisset
1946 1934 2171 2009 super
2236 1938 2405 1988 eum
2462 1939 2546 1992 ac

355 2010 895 2112 promovisset,
949 2010 1085 2083 ait:
1160 2010 1338 2105 Iste,
1394 2008 1684 2108 inquid,
1740 2009 1978 2084 adhuc
2029 2012 2199 2084 bene
2251 2014 2338 2087 de
2389 2039 2545 2089 meo

358 2119 596 2186 tenens
647 2113 1189 2205 nutrimentum,
1259 2109 1453 2206 quod
1517 2113 1591 2183 in
1648 2115 1857 2184 annis
1908 2113 2323 2188 iuvenilibus
2369 2118 2547 2190 meis

354 2212 552 2285 illum
601 2211 841 2283 studui
891 2210 1164 2281 docere.
1266 2210 1655 2306 Accipiens
1710 2235 1889 2304 ergo
1942 2213 2399 2288 Waltharius
2451 2216 2543 2288 ab

359 2309 624 2384 abbate
677 2317 756 2381 et
807 2307 1088 2380 cunctis
1141 2307 1492 2381 fratribus
1533 2305 2135 2382 benedictionem
2202 2335 2288 2384 ac
2347 2316 2545 2388 vale·

359 2411 635 2508 dicenS,
691 2431 1073 2485 summens
1114 2431 1367 2483 secum
1405 2408 1593 2483 duos
1629 2410 1749 2483 vel
1784 2420 1937 2485 tres
1977 2412 2323 2508 famuloS,
2376 2438 2545 2513 pro-

355 2536 536 2612 pere
573 2511 776 2585 venit
812 2510 903 2583 ad
931 2510 1324 2583 iamdictos
1358 2510 1815 2607 predatores.
1870 2511 2073 2598 Quos
2105 2536 2271 2585 cum
2304 2514 2546 2587 humi-

357 2615 526 2687 liter
579 2613 1002 2701 salutasset,
1059 2608 1304 2706 coepit
1352 2609 1522 2680 illos
1574 2631 1906 2705 monere,
1958 2634 2061 2681 ne·
2104 2610 2253 2683 iam
2308 2614 2545 2689 servis

357 2714 489 2784 Dei
545 2711 854 2785 ulterius
905 2708 1132 2781 talem
1183 2709 1545 2783 inferrent
1593 2707 1973 2806 iniuriam,
2026 2712 2318 2809 qualem
2372 2723 2547 2787 tunc

357 2811 730 2883 fecissent.
856 2806 970 2879 llli
1026 2817 1275 2880 autem
1328 2831 1497 2880 cum
1564 2807 1746 2881 dura
1799 2810 2209 2885 Walthario
2264 2814 2545 2911 coepis-

357 2920 524 2984 sent
575 2908 1026 3007 respondere
1075 2908 1344 3006 verba,
1409 2908 1858 2983 Waltharius
1910 2936 1951 3007 e
2006 2922 2259 2985 contra
2314 2913 2547 3013 sepis-

357 3012 546 3085 sime
597 3009 744 3082 illis
797 3008 1094 3081 duriora
1143 3009 1536 3084 referebat.
1638 3010 1757 3083 Hfl
1796 3034 1973 3084 vero
2016 3011 2371 3109 indignati
2407 3016 2547 3087 hac

359 3108 752 3209 superbiae
839 3108 1101 3208 spiritu
1181 3110 1496 3206 incitati,
1604 3110 1970 3206 cogebant
2046 3113 2543 3187 Waltharium

359 3234 630 3282 exuere
681 3209 1168 3307 vestimenta,
1240 3210 1500 3307 quibus
1554 3210 1856 3284 indutus
1910 3224 2091 3285 erat.
2152 3214 2289 3285 ·At
2342 3214 2543 3284 Wal-

354 3309 638 3383 tharius
705 3310 1086 3384 humiliter
1156 3310 1248 3403 ad
1307 3311 1557 3382 omnia
1609 3308 1776 3384 illos
1830 3308 2278 3383 obaudiebat
2340 3311 2544 3387 iuxta

353 3421 788 3507 preceptum
842 3408 1124 3483 abbatis
1177 3408 1332 3507 sui,
1404 3410 1659 3483 dicens
1712 3434 1753 3481 a
1802 3409 2156 3483 fratribus
2208 3409 2352 3483 hoc
2402 3408 2541 3484 sibi

356 3508 590 3583 fuisse
641 3510 1107 3608 imperatum.
1215 3512 1547 3609 Cumque
1590 3509 2088 3606 expoliassent
2126 3533 2321 3607 eum,
2376 3534 2541 3585 coe·

355 3620 636 3708 perunt»
703 3610 928 3708 etiam
1009 3610 1489 3684 calciamenta
1576 3618 1652 3681 et
1688 3656 1693 3662 -
1727 3608 2001 3705 caligas
2086 3609 2541 3685 abstrahere.

355 3710 545 3785 Cum
591 3721 841 3783 autem
902 3711 1284 3783 venissent
1335 3709 1427 3783 ad
1481 3708 1925 3805 femoralia,
1958 3708 2232 3785 diutius
2284 3711 2545 3785 institit

355 3809 801 3907 Waltarius,
864 3809 1119 3883 dicens
1186 3808 1322 3881 sibi
1394 3833 1434 3882 a
1503 3808 1855 3885 fratribus
1924 3809 2229 3883 minime
2308 3810 2541 3885 fuisse

356 3908 839 4009 imperatum,
909 3916 987 3983 ut
1056 3909 1494 3983 foemoralia
1556 3921 1879 3985 exueret.
1998 3910 2113 3983 Illi
2182 3935 2359 3985 vero
2426 3934 2541 3983 re·
2630 3961 2641 3965 -

358 4012 852 4109 spondenteS,
919 4011 1124 4085 nulla
1177 4008 1316 4083 sibi
1368 4012 1555 4083 fore.
1594 4035 1768 4083 cura
1822 4011 1913 4082 de
1964 4023 2314 4110 precepta
2382 4036 2537 4085 mo-

358 4110 784 4186 nachorum.
903 4109 1357 4187 waltharius
1426 4135 1605 4185 vero
1670 4137 1717 4208 e
1768 4122 2026 4185 contra
2074 4135 2374 4209 semper
2426 4132 2539 4182 as-
