<?xml version="1.0" encoding="UTF-8"?>
<!DOCTYPE html PUBLIC "-//W3C//DTD XHTML 1.0 Transitional//EN"
    "http://www.w3.org/TR/xhtml1/DTD/xhtml1-transitional.dtd">
<html xmlns="http://www.w3.org/1999/xhtml" xml:lang="en" lang="en">
 <head>
  <title>
</title>
<meta http-equiv="Content-Type" content="text/html;charset=utf-8" />
  <meta name='ocr-system' content='tesseract 3.04.00' />
  <meta name='ocr-capabilities' content='ocr_page ocr_carea ocr_par ocr_line ocrx_word'/>
</head>
<body>
  <div class='ocr_page' id='page_1' title='image "./chroniconnovali00unkngoog_0034.png"; bbox 0 0 3034 4900; ppageno 0'>
   <div class='ocr_carea' id='block_1_1' title="bbox 1922 131 1959 148">
    <p class='ocr_par' dir='ltr' id='par_1_1' title="bbox 1922 131 1959 148">
     <span class='ocr_line' id='line_1_1' title="bbox 1922 131 1959 148; baseline 0 0"><span class='ocrx_word' id='word_1_1' title='bbox 1922 131 1959 148; x_wconf 64' lang='lat' dir='ltr'><strong><em>bo-</em></strong></span> 
     </span>
    </p>
   </div>
   <div class='ocr_carea' id='block_1_2' title="bbox 613 357 2387 438">
    <p class='ocr_par' dir='ltr' id='par_1_2' title="bbox 613 357 2387 438">
     <span class='ocr_line' id='line_1_2' title="bbox 613 357 2387 438; baseline -0.001 0"><span class='ocrx_word' id='word_1_2' title='bbox 613 363 715 438; x_wconf 82' lang='lat'><strong><em>20</em></strong></span> <span class='ocrx_word' id='word_1_3' title='bbox 1069 357 1621 437; x_wconf 88' lang='lat' dir='ltr'>CHRONICON</span> <span class='ocrx_word' id='word_1_4' title='bbox 1663 357 2387 437; x_wconf 64' lang='lat' dir='ltr'><strong><em>-NOVALICIENSEL</em></strong></span> 
     </span>
    </p>
   </div>
   <div class='ocr_carea' id='block_1_3' title="bbox 608 543 2801 4240">
    <p class='ocr_par' dir='ltr' id='par_1_3' title="bbox 608 543 2801 4240">
     <span class='ocr_line' id='line_1_3' title="bbox 717 543 2508 638; baseline -0.004 -18"><span class='ocrx_word' id='word_1_5' title='bbox 717 546 1050 620; x_wconf 85' lang='lat' dir='ltr'><strong><em>Seniores</em></strong></span> <span class='ocrx_word' id='word_1_6' title='bbox 1096 546 1322 631; x_wconf 81' lang='lat' dir='ltr'><strong><em>fortes</em></strong></span> <span class='ocrx_word' id='word_1_7' title='bbox 1370 543 1646 617; x_wconf 86' lang='lat' dir='ltr'><strong><em>videres</em></strong></span> <span class='ocrx_word' id='word_1_8' title='bbox 1688 544 1961 638; x_wconf 75' lang='lat' dir='ltr'><strong><em>plantis</em></strong></span> <span class='ocrx_word' id='word_1_9' title='bbox 2008 544 2315 618; x_wconf 76' lang='lat' dir='ltr'><strong><em>titubare</em></strong></span> <span class='ocrx_word' id='word_1_10' title='bbox 2332 569 2357 616; x_wconf 92' lang='lat'><strong><em>.·</em></strong></span> <span class='ocrx_word' id='word_1_11' title='bbox 2504 609 2508 613; x_wconf 85' lang='lat'><strong><em>.</em></strong></span> 
     </span>
     <span class='ocr_line' id='line_1_4' title="bbox 723 642 2538 738; baseline 0 -20"><span class='ocrx_word' id='word_1_12' title='bbox 723 647 984 719; x_wconf 82' lang='lat' dir='ltr'><em>Taliter</em></span> <span class='ocrx_word' id='word_1_13' title='bbox 1032 646 1107 717; x_wconf 85' lang='lat' dir='ltr'><strong><em>in</em></strong></span> <span class='ocrx_word' id='word_1_14' title='bbox 1155 666 1398 718; x_wconf 85' lang='lat' dir='ltr'><strong><em>seram</em></strong></span> <span class='ocrx_word' id='word_1_15' title='bbox 1441 642 1794 738; x_wconf 73' lang='lat' dir='ltr'><strong><em>produxit</em></strong></span> <span class='ocrx_word' id='word_1_16' title='bbox 1851 644 2191 718; x_wconf 78' lang='lat' dir='ltr'><strong><em>bacchica</em></strong></span> <span class='ocrx_word' id='word_1_17' title='bbox 2214 651 2538 720; x_wconf 72' lang='lat' dir='ltr'><strong><em>noctem,</em></strong></span> 
     </span>
     <span class='ocr_line' id='line_1_5' title="bbox 614 743 2801 842; baseline 0 -21"><span class='ocrx_word' id='word_1_18' title='bbox 614 748 808 820; x_wconf 89' lang='lat' dir='ltr'><strong><em>Nam</em></strong></span> <span class='ocrx_word' id='word_1_19' title='bbox 849 749 952 819; x_wconf 87' lang='lat' dir='ltr'><strong><em>ire</em></strong></span> <span class='ocrx_word' id='word_1_20' title='bbox 1001 744 1310 817; x_wconf 88' lang='lat' dir='ltr'><strong><em>volentes</em></strong></span> <span class='ocrx_word' id='word_1_21' title='bbox 1361 743 1800 817; x_wconf 87' lang='lat' dir='ltr'><strong><em>Waltharius</em></strong></span> <span class='ocrx_word' id='word_1_22' title='bbox 1848 767 2137 816; x_wconf 85' lang='lat' dir='ltr'><strong><em>munere</em></strong></span> <span class='ocrx_word' id='word_1_23' title='bbox 2187 750 2522 842; x_wconf 71' lang='lat' dir='ltr'><strong><em>retraxit,</em></strong></span> <span class='ocrx_word' id='word_1_24' title='bbox 2574 747 2801 822; x_wconf 85' lang='lat' dir='ltr'><strong><em>donec</em></strong></span> 
     </span>
     <span class='ocr_line' id='line_1_6' title="bbox 608 845 2799 942; baseline 0.001 -22"><span class='ocrx_word' id='word_1_25' title='bbox 608 849 844 942; x_wconf 87' lang='lat' dir='ltr'><strong><em>pressi</em></strong></span> <span class='ocrx_word' id='word_1_26' title='bbox 882 869 1133 920; x_wconf 82' lang='lat' dir='ltr'><strong><em>somno</em></strong></span> <span class='ocrx_word' id='word_1_27' title='bbox 1177 851 1490 941; x_wconf 88' lang='lat' dir='ltr'><strong><em>potuque</em></strong></span> <span class='ocrx_word' id='word_1_28' title='bbox 1533 845 1827 940; x_wconf 84' lang='lat' dir='ltr'><strong><em>qrav&#39;ati</em></strong></span> <span class='ocrx_word' id='word_1_29' title='bbox 1854 867 1993 938; x_wconf 89' lang='lat' dir='ltr'><strong><em>per</em></strong></span> <span class='ocrx_word' id='word_1_30' title='bbox 2034 845 2427 938; x_wconf 77' lang='lat' dir='ltr'><strong><em>porticibus</em></strong></span> <span class='ocrx_word' id='word_1_31' title='bbox 2474 853 2799 922; x_wconf 80' lang='lat' dir='ltr'><strong><em>sternun-</em></strong></span> 
     </span>
     <span class='ocr_line' id='line_1_7' title="bbox 613 945 2799 1039; baseline 0.002 -20"><span class='ocrx_word' id='word_1_32' title='bbox 613 955 734 1020; x_wconf 85' lang='lat' dir='ltr'><strong><em>tur</em></strong></span> <span class='ocrx_word' id='word_1_33' title='bbox 782 946 996 1019; x_wconf 87' lang='lat' dir='ltr'><strong><em>humo</em></strong></span> <span class='ocrx_word' id='word_1_34' title='bbox 1048 952 1253 1018; x_wconf 85' lang='lat' dir='ltr'><strong><em>tenus</em></strong></span> <span class='ocrx_word' id='word_1_35' title='bbox 1301 968 1546 1017; x_wconf 85' lang='lat' dir='ltr'><strong><em>omnes</em></strong></span> <span class='ocrx_word' id='word_1_36' title='bbox 1592 947 1890 1039; x_wconf 88' lang='lat' dir='ltr'><strong><em>passim.</em></strong></span> <span class='ocrx_word' id='word_1_37' title='bbox 1994 945 2311 1019; x_wconf 88' lang='lat' dir='ltr'><strong><em>Eciamsi</em></strong></span> <span class='ocrx_word' id='word_1_38' title='bbox 2355 952 2507 1019; x_wconf 78' lang='lat' dir='ltr'><strong><em>tota</em></strong></span> <span class='ocrx_word' id='word_1_39' title='bbox 2548 951 2799 1023; x_wconf 87' lang='lat' dir='ltr'><strong><em>civitas</em></strong></span> 
     </span>
     <span class='ocr_line' id='line_1_8' title="bbox 610 1046 2797 1145; baseline 0.001 -25"><span class='ocrx_word' id='word_1_40' title='bbox 610 1051 770 1145; x_wconf 79' lang='lat' dir='ltr'><strong><em>iqne</em></strong></span> <span class='ocrx_word' id='word_1_41' title='bbox 818 1049 1040 1134; x_wconf 69' lang='lat' dir='ltr'><strong><em>fuisse</em></strong></span> <span class='ocrx_word' id='word_1_42' title='bbox 1089 1067 1473 1141; x_wconf 88' lang='lat' dir='ltr'><strong><em>succensa,</em></strong></span> <span class='ocrx_word' id='word_1_43' title='bbox 1545 1050 1617 1116; x_wconf 93' lang='lat' dir='ltr'><strong><em>et</em></strong></span> <span class='ocrx_word' id='word_1_44' title='bbox 1673 1046 1823 1138; x_wconf 85' lang='lat' dir='ltr'><strong><em>ipse</em></strong></span> <span class='ocrx_word' id='word_1_45' title='bbox 1870 1046 2285 1129; x_wconf 78' lang='lat' dir='ltr'><strong><em>flamivoma</em></strong></span> <span class='ocrx_word' id='word_1_46' title='bbox 2336 1070 2551 1142; x_wconf 84' lang='lat' dir='ltr'><strong><em>super</em></strong></span> <span class='ocrx_word' id='word_1_47' title='bbox 2601 1051 2797 1144; x_wconf 85' lang='lat' dir='ltr'><strong><em>ipsos</em></strong></span> 
     </span>
     <span class='ocr_line' id='line_1_9' title="bbox 612 1143 2471 1243; baseline -0.002 -21"><span class='ocrx_word' id='word_1_48' title='bbox 612 1149 936 1222; x_wconf 86' lang='lat' dir='ltr'><strong><em>crassari</em></strong></span> <span class='ocrx_word' id='word_1_49' title='bbox 984 1145 1371 1239; x_wconf 84' lang='lat' dir='ltr'><strong><em>videretur,</em></strong></span> <span class='ocrx_word' id='word_1_50' title='bbox 1437 1143 1699 1218; x_wconf 85' lang='lat' dir='ltr'><strong><em>scilicet</em></strong></span> <span class='ocrx_word' id='word_1_51' title='bbox 1758 1145 2099 1218; x_wconf 84' lang='lat' dir='ltr'><strong><em>minitans</em></strong></span> <span class='ocrx_word' id='word_1_52' title='bbox 2148 1153 2471 1243; x_wconf 86' lang='lat' dir='ltr'><strong><em>mortem,</em></strong></span> 
     </span>
     <span class='ocr_line' id='line_1_10' title="bbox 623 1245 2564 1342; baseline -0.002 -21"><span class='ocrx_word' id='word_1_53' title='bbox 623 1333 628 1336; x_wconf 43' lang='grc'><strong>,</strong></span> <span class='ocrx_word' id='word_1_54' title='bbox 709 1247 962 1321; x_wconf 87' lang='lat' dir='ltr'><strong><em>Nullus</em></strong></span> <span class='ocrx_word' id='word_1_55' title='bbox 1011 1246 1391 1340; x_wconf 86' lang='lat' dir='ltr'><strong><em>remansit,</em></strong></span> <span class='ocrx_word' id='word_1_56' title='bbox 1453 1245 1573 1342; x_wconf 88' lang='lat' dir='ltr'><strong><em>qui</em></strong></span> <span class='ocrx_word' id='word_1_57' title='bbox 1620 1245 1804 1316; x_wconf 87' lang='lat' dir='ltr'><strong><em>scire</em></strong></span> <span class='ocrx_word' id='word_1_58' title='bbox 1850 1247 2199 1338; x_wconf 87' lang='lat' dir='ltr'><strong><em>potuisset</em></strong></span> <span class='ocrx_word' id='word_1_59' title='bbox 2244 1270 2564 1321; x_wconf 86' lang='lat' dir='ltr'><strong><em>causam.</em></strong></span> 
     </span>
     <span class='ocr_line' id='line_1_11' title="bbox 715 1342 2535 1440; baseline 0 -20"><span class='ocrx_word' id='word_1_60' title='bbox 715 1345 1029 1420; x_wconf 80' lang='lat' dir='ltr'><strong><em>Tandem</em></strong></span> <span class='ocrx_word' id='word_1_61' title='bbox 1077 1345 1412 1418; x_wconf 83' lang='lat' dir='ltr'><strong><em>dilectam</em></strong></span> <span class='ocrx_word' id='word_1_62' title='bbox 1471 1350 1689 1416; x_wconf 90' lang='lat' dir='ltr'><strong><em>vocat</em></strong></span> <span class='ocrx_word' id='word_1_63' title='bbox 1732 1342 1839 1416; x_wconf 93' lang='lat' dir='ltr'><strong><em>ad</em></strong></span> <span class='ocrx_word' id='word_1_64' title='bbox 1886 1351 2104 1416; x_wconf 85' lang='lat' dir='ltr'><strong><em>semet</em></strong></span> <span class='ocrx_word' id='word_1_65' title='bbox 2150 1347 2535 1440; x_wconf 83' lang='lat' dir='ltr'><strong><em>mulierem,</em></strong></span> 
     </span>
     <span class='ocr_line' id='line_1_12' title="bbox 707 1445 2393 1540; baseline -0.001 -20"><span class='ocrx_word' id='word_1_66' title='bbox 707 1447 1108 1540; x_wconf 86' lang='lat' dir='ltr'><strong><em>Precipiens</em></strong></span> <span class='ocrx_word' id='word_1_67' title='bbox 1157 1467 1428 1517; x_wconf 89' lang='lat' dir='ltr'><strong><em>causas</em></strong></span> <span class='ocrx_word' id='word_1_68' title='bbox 1477 1445 1681 1516; x_wconf 88' lang='lat' dir='ltr'><strong><em>citius</em></strong></span> <span class='ocrx_word' id='word_1_69' title='bbox 1733 1445 2013 1530; x_wconf 79' lang='lat' dir='ltr'><strong><em>deferre</em></strong></span> <span class='ocrx_word' id='word_1_70' title='bbox 2058 1451 2393 1537; x_wconf 85' lang='lat' dir='ltr'><strong><em>paratas.</em></strong></span> 
     </span>
     <span class='ocr_line' id='line_1_13' title="bbox 709 1543 2589 1643; baseline 0 -25"><span class='ocrx_word' id='word_1_71' title='bbox 709 1549 804 1620; x_wconf 87' lang='lat' dir='ltr'><strong><em>Et</em></strong></span> <span class='ocrx_word' id='word_1_72' title='bbox 851 1549 998 1641; x_wconf 89' lang='lat' dir='ltr'><strong><em>ipse</em></strong></span> <span class='ocrx_word' id='word_1_73' title='bbox 1051 1545 1139 1618; x_wconf 90' lang='lat' dir='ltr'><strong><em>de</em></strong></span> <span class='ocrx_word' id='word_1_74' title='bbox 1187 1543 1487 1617; x_wconf 84' lang='lat' dir='ltr'><strong><em>stabulis</em></strong></span> <span class='ocrx_word' id='word_1_75' title='bbox 1539 1544 1744 1616; x_wconf 75' lang='lat' dir='ltr'><strong><em>duxit</em></strong></span> <span class='ocrx_word' id='word_1_76' title='bbox 1786 1546 2121 1616; x_wconf 90' lang='lat' dir='ltr'><strong><em>victorem</em></strong></span> <span class='ocrx_word' id='word_1_77' title='bbox 2172 1568 2589 1643; x_wconf 88' lang='lat' dir='ltr'><strong><em>aequorum,</em></strong></span> 
     </span>
     <span class='ocr_line' id='line_1_14' title="bbox 717 1644 2486 1740; baseline -0.001 -22"><span class='ocrx_word' id='word_1_78' title='bbox 717 1647 936 1736; x_wconf 79' lang='lat' dir='ltr'><strong><em>Quem</em></strong></span> <span class='ocrx_word' id='word_1_79' title='bbox 989 1645 1079 1717; x_wconf 84' lang='lat' dir='ltr'><strong><em>ob</em></strong></span> <span class='ocrx_word' id='word_1_80' title='bbox 1129 1645 1456 1716; x_wconf 88' lang='lat' dir='ltr'><strong><em>virtutem</em></strong></span> <span class='ocrx_word' id='word_1_81' title='bbox 1507 1644 1781 1717; x_wconf 85' lang='lat' dir='ltr'><strong><em>leonem</em></strong></span> <span class='ocrx_word' id='word_1_82' title='bbox 1830 1647 2274 1718; x_wconf 78' lang='lat' dir='ltr'><strong><em>vocitaverat</em></strong></span> <span class='ocrx_word' id='word_1_83' title='bbox 2317 1648 2486 1740; x_wconf 85' lang='lat' dir='ltr'><strong><em>ipse.</em></strong></span> 
     </span>
     <span class='ocr_line' id='line_1_15' title="bbox 711 1745 2711 1839; baseline 0.001 -21"><span class='ocrx_word' id='word_1_84' title='bbox 711 1747 881 1819; x_wconf 86' lang='lat' dir='ltr'><strong><em>Stat</em></strong></span> <span class='ocrx_word' id='word_1_85' title='bbox 924 1746 1238 1838; x_wconf 85' lang='lat' dir='ltr'><strong><em>sonipes,</em></strong></span> <span class='ocrx_word' id='word_1_86' title='bbox 1291 1769 1382 1816; x_wconf 88' lang='lat' dir='ltr'><strong><em>ac</em></strong></span> <span class='ocrx_word' id='word_1_87' title='bbox 1431 1746 1644 1831; x_wconf 79' lang='lat' dir='ltr'><strong><em>frena</em></strong></span> <span class='ocrx_word' id='word_1_88' title='bbox 1692 1747 1905 1832; x_wconf 72' lang='lat' dir='ltr'><strong><em>ferox</em></strong></span> <span class='ocrx_word' id='word_1_89' title='bbox 1950 1747 2364 1839; x_wconf 78' lang='lat' dir='ltr'><strong><em>spumantia</em></strong></span> <span class='ocrx_word' id='word_1_90' title='bbox 2414 1745 2711 1819; x_wconf 80' lang='lat' dir='ltr'><strong><em>mandit.</em></strong></span> 
     </span>
     <span class='ocr_line' id='line_1_16' title="bbox 708 1844 2788 1943; baseline 0 -24"><span class='ocrx_word' id='word_1_91' title='bbox 708 1847 1100 1943; x_wconf 88' lang='lat' dir='ltr'><strong><em>Postquam</em></strong></span> <span class='ocrx_word' id='word_1_92' title='bbox 1177 1846 1361 1918; x_wconf 85' lang='lat' dir='ltr'><strong><em>enim</em></strong></span> <span class='ocrx_word' id='word_1_93' title='bbox 1433 1844 1619 1918; x_wconf 85' lang='lat' dir='ltr'><strong><em>hunc</em></strong></span> <span class='ocrx_word' id='word_1_94' title='bbox 1694 1844 2053 1918; x_wconf 85' lang='lat' dir='ltr'><strong><em>caballum</em></strong></span> <span class='ocrx_word' id='word_1_95' title='bbox 2120 1845 2521 1942; x_wconf 80' lang='lat' dir='ltr'><strong><em>liqamentis</em></strong></span> <span class='ocrx_word' id='word_1_96' title='bbox 2578 1847 2788 1920; x_wconf 85' lang='lat' dir='ltr'><strong><em>solito</em></strong></span> 
     </span>
     <span class='ocr_line' id='line_1_17' title="bbox 1710 1945 2517 2040; baseline 0.002 -23"><span class='ocrx_word' id='word_1_97' title='bbox 1710 1945 2307 2040; x_wconf 78' lang='lat' dir='ltr'><strong><em>circumdederat,</em></strong></span> <span class='ocrx_word' id='word_1_98' title='bbox 2360 1971 2517 2019; x_wconf 87' lang='lat' dir='ltr'><strong><em>ecce</em></strong></span> 
     </span>
     <span class='ocr_line' id='line_1_18' title="bbox 711 2044 2788 2141; baseline 0.002 -26"><span class='ocrx_word' id='word_1_99' title='bbox 711 2044 1006 2117; x_wconf 83' lang='lat' dir='ltr'><strong><em>Scrinia</em></strong></span> <span class='ocrx_word' id='word_1_100' title='bbox 1015 2044 1232 2138; x_wconf 85' lang='lat' dir='ltr'><strong><em>plena</em></strong></span> <span class='ocrx_word' id='word_1_101' title='bbox 1269 2065 1527 2139; x_wconf 77' lang='lat' dir='ltr'><strong><em>qazae,</em></strong></span> <span class='ocrx_word' id='word_1_102' title='bbox 1564 2044 1815 2136; x_wconf 86' lang='lat' dir='ltr'><strong><em>quibus</em></strong></span> <span class='ocrx_word' id='word_1_103' title='bbox 1855 2045 2131 2137; x_wconf 85' lang='lat' dir='ltr'><strong><em>utrique</em></strong></span> <span class='ocrx_word' id='word_1_104' title='bbox 2167 2045 2539 2137; x_wconf 80' lang='lat' dir='ltr'><strong><em>suspendit</em></strong></span> <span class='ocrx_word' id='word_1_105' title='bbox 2556 2044 2788 2141; x_wconf 84' lang='lat' dir='ltr'><strong><em>lateri,</em></strong></span> 
     </span>
     <span class='ocr_line' id='line_1_19' title="bbox 706 2141 2511 2240; baseline 0.001 -25"><span class='ocrx_word' id='word_1_106' title='bbox 706 2141 928 2240; x_wconf 81' lang='lat' dir='ltr'><strong><em>Atque</em></strong></span> <span class='ocrx_word' id='word_1_107' title='bbox 977 2146 1221 2217; x_wconf 88' lang='lat' dir='ltr'><strong><em>itinere</em></strong></span> <span class='ocrx_word' id='word_1_108' title='bbox 1271 2143 1484 2237; x_wconf 79' lang='lat' dir='ltr'><strong><em>lonqo</em></strong></span> <span class='ocrx_word' id='word_1_109' title='bbox 1536 2141 1910 2214; x_wconf 88' lang='lat' dir='ltr'><strong><em>modicella</em></strong></span> <span class='ocrx_word' id='word_1_110' title='bbox 1956 2143 2161 2236; x_wconf 85' lang='lat' dir='ltr'><strong><em>ponit</em></strong></span> <span class='ocrx_word' id='word_1_111' title='bbox 2208 2143 2511 2240; x_wconf 86' lang='lat' dir='ltr'><strong><em>cibari-a,</em></strong></span> 
     </span>
     <span class='ocr_line' id='line_1_20' title="bbox 707 2242 2573 2342; baseline 0 -25"><span class='ocrx_word' id='word_1_112' title='bbox 707 2245 1043 2342; x_wconf 87' lang='lat' dir='ltr'><strong><em>Loraque</em></strong></span> <span class='ocrx_word' id='word_1_113' title='bbox 1091 2244 1451 2340; x_wconf 80' lang='lat' dir='ltr'><strong><em>virqineae</em></strong></span> <span class='ocrx_word' id='word_1_114' title='bbox 1497 2242 1814 2315; x_wconf 81' lang='lat' dir='ltr'><strong><em>mandat·</em></strong></span> <span class='ocrx_word' id='word_1_115' title='bbox 1856 2243 2210 2328; x_wconf 74' lang='lat' dir='ltr'><strong><em>fluitantia</em></strong></span> <span class='ocrx_word' id='word_1_116' title='bbox 2261 2242 2573 2318; x_wconf 75' lang='lat' dir='ltr'><strong><em>dextrae.</em></strong></span> 
     </span>
     <span class='ocr_line' id='line_1_21' title="bbox 704 2343 2191 2441; baseline 0 -25"><span class='ocrx_word' id='word_1_117' title='bbox 704 2345 1000 2441; x_wconf 81' lang='lat' dir='ltr'><strong><em>Ipseque</em></strong></span> <span class='ocrx_word' id='word_1_118' title='bbox 1050 2347 1251 2416; x_wconf 86' lang='lat' dir='ltr'><strong><em>vestit</em></strong></span> <span class='ocrx_word' id='word_1_119' title='bbox 1304 2343 1535 2415; x_wconf 90' lang='lat' dir='ltr'><strong><em>lorica</em></strong></span> <span class='ocrx_word' id='word_1_120' title='bbox 1585 2366 1783 2416; x_wconf 88' lang='lat' dir='ltr'><strong><em>more</em></strong></span> <span class='ocrx_word' id='word_1_121' title='bbox 1834 2344 2191 2440; x_wconf 65' lang='lat' dir='ltr'><strong><em>yyyantis,</em></strong></span> 
     </span>
     <span class='ocr_line' id='line_1_22' title="bbox 701 2442 2783 2540; baseline 0.001 -25"><span class='ocrx_word' id='word_1_122' title='bbox 701 2443 924 2540; x_wconf 81' lang='lat' dir='ltr'><strong><em>Atque</em></strong></span> <span class='ocrx_word' id='word_1_123' title='bbox 957 2445 1177 2537; x_wconf 86' lang='lat' dir='ltr'><strong><em>capiti</em></strong></span> <span class='ocrx_word' id='word_1_124' title='bbox 1198 2444 1511 2537; x_wconf 78' lang='lat' dir='ltr'><strong><em>inposuit</em></strong></span> <span class='ocrx_word' id='word_1_125' title='bbox 1546 2466 1679 2515; x_wconf 90' lang='lat' dir='ltr'><strong><em>suo</em></strong></span> <span class='ocrx_word' id='word_1_126' title='bbox 1706 2442 1969 2515; x_wconf 83' lang='lat' dir='ltr'><strong><em>rubras</em></strong></span> <span class='ocrx_word' id='word_1_127' title='bbox 2010 2468 2169 2515; x_wconf 91' lang='lat' dir='ltr'><strong><em>cum</em></strong></span> <span class='ocrx_word' id='word_1_128' title='bbox 2196 2443 2477 2519; x_wconf 88' lang='lat' dir='ltr'><strong><em>cass-ide</em></strong></span> <span class='ocrx_word' id='word_1_129' title='bbox 2500 2446 2783 2539; x_wconf 85' lang='lat' dir='ltr'><strong><em>cristas,</em></strong></span> 
     </span>
     <span class='ocr_line' id='line_1_23' title="bbox 703 2542 2298 2641; baseline -0.001 -26"><span class='ocrx_word' id='word_1_130' title='bbox 703 2544 1162 2641; x_wconf 84' lang='lat' dir='ltr'><strong><em>Inqentesque</em></strong></span> <span class='ocrx_word' id='word_1_131' title='bbox 1213 2542 1697 2639; x_wconf 81' lang='lat' dir='ltr'><strong><em>complectitur</em></strong></span> <span class='ocrx_word' id='word_1_132' title='bbox 1764 2546 2001 2616; x_wconf 90' lang='lat' dir='ltr'><strong><em>aureis</em></strong></span> <span class='ocrx_word' id='word_1_133' title='bbox 2069 2546 2298 2616; x_wconf 85' lang='lat' dir='ltr'><strong><em>ocreis</em></strong></span> 
     </span>
     <span class='ocr_line' id='line_1_24' title="bbox 704 2642 2506 2738; baseline -0.002 -21"><span class='ocrx_word' id='word_1_134' title='bbox 704 2644 803 2717; x_wconf 89' lang='lat' dir='ltr'><strong><em>Et</em></strong></span> <span class='ocrx_word' id='word_1_135' title='bbox 847 2644 1076 2717; x_wconf 85' lang='lat' dir='ltr'><strong><em>levum</em></strong></span> <span class='ocrx_word' id='word_1_136' title='bbox 1131 2645 1368 2730; x_wconf 74' lang='lat' dir='ltr'><strong><em>femur</em></strong></span> <span class='ocrx_word' id='word_1_137' title='bbox 1433 2645 1725 2738; x_wconf 84' lang='lat' dir='ltr'><strong><em>ancipiti</em></strong></span> <span class='ocrx_word' id='word_1_138' title='bbox 1769 2646 2227 2737; x_wconf 71' lang='lat' dir='ltr'><strong><em>precinxerat</em></strong></span> <span class='ocrx_word' id='word_1_139' title='bbox 2274 2642 2506 2737; x_wconf 87' lang='lat' dir='ltr'><strong><em>hense,</em></strong></span> 
     </span>
     <span class='ocr_line' id='line_1_25' title="bbox 705 2742 2517 2838; baseline 0.002 -23"><span class='ocrx_word' id='word_1_140' title='bbox 705 2742 924 2838; x_wconf 80' lang='lat' dir='ltr'><strong><em>Atque</em></strong></span> <span class='ocrx_word' id='word_1_141' title='bbox 989 2743 1134 2815; x_wconf 90' lang='lat' dir='ltr'><strong><em>alio</em></strong></span> <span class='ocrx_word' id='word_1_142' title='bbox 1187 2742 1512 2815; x_wconf 71' lang='lat' dir='ltr'><strong><em>deoetrum</em></strong></span> <span class='ocrx_word' id='word_1_143' title='bbox 1559 2767 1697 2837; x_wconf 87' lang='lat' dir='ltr'><strong><em>pro</em></strong></span> <span class='ocrx_word' id='word_1_144' title='bbox 1763 2746 1905 2816; x_wconf 66' lang='lat' dir='ltr'><strong><em>vitu</em></strong></span> <span class='ocrx_word' id='word_1_145' title='bbox 1953 2744 2517 2818; x_wconf 86' lang='lat' dir='ltr'><strong><em>Pannoniarum.</em></strong></span> 
     </span>
     <span class='ocr_line' id='line_1_26' title="bbox 698 2842 2596 2938; baseline 0.001 -25"><span class='ocrx_word' id='word_1_146' title='bbox 698 2842 834 2913; x_wconf 89' lang='lat' dir='ltr'><strong><em>His</em></strong></span> <span class='ocrx_word' id='word_1_147' title='bbox 881 2847 1127 2913; x_wconf 87' lang='lat' dir='ltr'><strong><em>tamen</em></strong></span> <span class='ocrx_word' id='word_1_148' title='bbox 1175 2864 1262 2912; x_wconf 72' lang='lat' dir='ltr'><strong><em>ex</em></strong></span> <span class='ocrx_word' id='word_1_149' title='bbox 1309 2864 1459 2913; x_wconf 88' lang='lat' dir='ltr'><strong><em>una</em></strong></span> <span class='ocrx_word' id='word_1_150' title='bbox 1512 2847 1793 2915; x_wconf 88' lang='lat' dir='ltr'><strong><em>tantum.</em></strong></span> <span class='ocrx_word' id='word_1_151' title='bbox 1845 2844 1979 2916; x_wconf 85' lang='lat' dir='ltr'><strong><em>dat</em></strong></span> <span class='ocrx_word' id='word_1_152' title='bbox 2020 2844 2321 2916; x_wconf 77' lang='lat' dir='ltr'><strong><em>vulnera</em></strong></span> <span class='ocrx_word' id='word_1_153' title='bbox 2361 2848 2596 2938; x_wconf 76' lang='lat' dir='ltr'><strong><em>parte.</em></strong></span> 
     </span>
     <span class='ocr_line' id='line_1_27' title="bbox 702 2940 2725 3039; baseline 0 -28"><span class='ocrx_word' id='word_1_154' title='bbox 702 2941 893 3039; x_wconf 71' lang='lat' dir='ltr'><strong><em>Tunc</em></strong></span> <span class='ocrx_word' id='word_1_155' title='bbox 941 2940 1229 3014; x_wconf 84' lang='lat' dir='ltr'><strong><em>hastam</em></strong></span> <span class='ocrx_word' id='word_1_156' title='bbox 1282 2940 1540 3013; x_wconf 74' lang='lat' dir='ltr'><strong><em>dextra</em></strong></span> <span class='ocrx_word' id='word_1_157' title='bbox 1590 2943 1879 3035; x_wconf 84' lang='lat' dir='ltr'><strong><em>rapiens</em></strong></span> <span class='ocrx_word' id='word_1_158' title='bbox 1930 2941 2359 3037; x_wconf 85' lang='lat' dir='ltr'><strong><em>clipeumque</em></strong></span> <span class='ocrx_word' id='word_1_159' title='bbox 2410 2944 2725 3033; x_wconf 85' lang='lat' dir='ltr'><strong><em>sinistra,</em></strong></span> 
     </span>
     <span class='ocr_line' id='line_1_28' title="bbox 699 3040 2352 3135; baseline -0.001 -22"><span class='ocrx_word' id='word_1_160' title='bbox 699 3041 1050 3135; x_wconf 85' lang='lat' dir='ltr'><strong><em>Coeperat</em></strong></span> <span class='ocrx_word' id='word_1_161' title='bbox 1096 3042 1324 3113; x_wconf 83' lang='lat' dir='ltr'><strong><em>invisa</em></strong></span> <span class='ocrx_word' id='word_1_162' title='bbox 1380 3046 1581 3113; x_wconf 90' lang='lat' dir='ltr'><strong><em>terra</em></strong></span> <span class='ocrx_word' id='word_1_163' title='bbox 1628 3040 1947 3133; x_wconf 86' lang='lat' dir='ltr'><strong><em>trepidus</em></strong></span> <span class='ocrx_word' id='word_1_164' title='bbox 1996 3040 2352 3112; x_wconf 84' lang='lat' dir='ltr'><strong><em>decedere.</em></strong></span> 
     </span>
     <span class='ocr_line' id='line_1_29' title="bbox 653 3139 2727 3237; baseline 0 -26"><span class='ocrx_word' id='word_1_165' title='bbox 653 3140 993 3213; x_wconf 69' lang='lat' dir='ltr'><strong><em>‘Femina</em></strong></span> <span class='ocrx_word' id='word_1_166' title='bbox 1046 3140 1248 3213; x_wconf 69' lang='lat' dir='ltr'><strong><em>duxit</em></strong></span> <span class='ocrx_word' id='word_1_167' title='bbox 1294 3163 1569 3237; x_wconf 76' lang='lat' dir='ltr'><strong><em>equum,</em></strong></span> <span class='ocrx_word' id='word_1_168' title='bbox 1638 3140 1981 3213; x_wconf 83' lang='lat' dir='ltr'><strong><em>nonnulla</em></strong></span> <span class='ocrx_word' id='word_1_169' title='bbox 2031 3139 2305 3213; x_wconf 89' lang='lat' dir='ltr'><strong><em>talenta</em></strong></span> <span class='ocrx_word' id='word_1_170' title='bbox 2354 3146 2727 3235; x_wconf 79' lang='lat' dir='ltr'><strong><em>qerentem.</em></strong></span> 
     </span>
     <span class='ocr_line' id='line_1_30' title="bbox 696 3240 2775 3336; baseline 0 -24"><span class='ocrx_word' id='word_1_171' title='bbox 696 3241 870 3336; x_wconf 87' lang='lat' dir='ltr'><strong><em>Ipsa</em></strong></span> <span class='ocrx_word' id='word_1_172' title='bbox 909 3265 1078 3314; x_wconf 89' lang='lat' dir='ltr'><strong><em>vero</em></strong></span> <span class='ocrx_word' id='word_1_173' title='bbox 1116 3242 1188 3313; x_wconf 83' lang='lat' dir='ltr'><strong><em>in</em></strong></span> <span class='ocrx_word' id='word_1_174' title='bbox 1229 3240 1560 3313; x_wconf 80' lang='lat' dir='ltr'><strong><em>manibus</em></strong></span> <span class='ocrx_word' id='word_1_175' title='bbox 1600 3242 1879 3336; x_wconf 66' lang='lat' dir='ltr'><strong><em>vir-qam</em></strong></span> <span class='ocrx_word' id='word_1_176' title='bbox 1916 3246 2105 3313; x_wconf 85' lang='lat' dir='ltr'><strong><em>tenet</em></strong></span> <span class='ocrx_word' id='word_1_177' title='bbox 2138 3240 2352 3313; x_wconf 82' lang='lat' dir='ltr'><strong><em>simul</em></strong></span> <span class='ocrx_word' id='word_1_178' title='bbox 2376 3240 2775 3335; x_wconf 86' lang='lat' dir='ltr'><strong><em>colurnam,</em></strong></span> 
     </span>
     <span class='ocr_line' id='line_1_31' title="bbox 665 3341 2597 3439; baseline 0.001 -26"><span class='ocrx_word' id='word_1_179' title='bbox 665 3342 782 3413; x_wconf 81' lang='lat' dir='ltr'><strong><em>-In</em></strong></span> <span class='ocrx_word' id='word_1_180' title='bbox 833 3367 975 3439; x_wconf 89' lang='lat' dir='ltr'><strong><em>qua</em></strong></span> <span class='ocrx_word' id='word_1_181' title='bbox 991 3386 1000 3407; x_wconf 93' lang='lat'><strong><em>-.</em></strong></span> <span class='ocrx_word' id='word_1_182' title='bbox 1016 3344 1344 3435; x_wconf 87' lang='lat' dir='ltr'><strong><em>piscator</em></strong></span> <span class='ocrx_word' id='word_1_183' title='bbox 1391 3341 1683 3415; x_wconf 92' lang='lat' dir='ltr'><strong><em>hamum</em></strong></span> <span class='ocrx_word' id='word_1_184' title='bbox 1732 3344 2140 3436; x_wconf 87' lang='lat' dir='ltr'><strong><em>transponit</em></strong></span> <span class='ocrx_word' id='word_1_185' title='bbox 2182 3343 2256 3413; x_wconf 90' lang='lat' dir='ltr'><strong><em>in</em></strong></span> <span class='ocrx_word' id='word_1_186' title='bbox 2304 3341 2597 3415; x_wconf 77' lang='lat' dir='ltr'><strong><em>undam.</em></strong></span> 
     </span>
     <span class='ocr_line' id='line_1_32' title="bbox 695 3440 2780 3541; baseline -0 -28"><span class='ocrx_word' id='word_1_187' title='bbox 695 3442 890 3515; x_wconf 87' lang='lat' dir='ltr'><strong><em>Nam</em></strong></span> <span class='ocrx_word' id='word_1_188' title='bbox 923 3441 1108 3515; x_wconf 88' lang='lat' dir='ltr'><strong><em>idem</em></strong></span> <span class='ocrx_word' id='word_1_189' title='bbox 1134 3443 1244 3514; x_wconf 88' lang='lat' dir='ltr'><strong><em>vir</em></strong></span> <span class='ocrx_word' id='word_1_190' title='bbox 1281 3444 1641 3515; x_wconf 74' lang='lat' dir='ltr'><strong><em>maximus</em></strong></span> <span class='ocrx_word' id='word_1_191' title='bbox 1678 3448 2027 3537; x_wconf 80' lang='lat' dir='ltr'><strong><em>qravatus</em></strong></span> <span class='ocrx_word' id='word_1_192' title='bbox 2068 3448 2235 3515; x_wconf 88' lang='lat' dir='ltr'><strong><em>erat</em></strong></span> <span class='ocrx_word' id='word_1_193' title='bbox 2253 3441 2556 3537; x_wconf 87' lang='lat' dir='ltr'><strong><em>undique</em></strong></span> <span class='ocrx_word' id='word_1_194' title='bbox 2579 3440 2733 3541; x_wconf 69' lang='lat' dir='ltr'><strong><em>telis</em></strong></span> <span class='ocrx_word' id='word_1_195' title='bbox 2749 3467 2780 3533; x_wconf 80' lang='lat'><strong><em>,-</em></strong></span> 
     </span>
     <span class='ocr_line' id='line_1_33' title="bbox 699 3541 2773 3638; baseline -0.001 -25"><span class='ocrx_word' id='word_1_196' title='bbox 699 3541 801 3613; x_wconf 79' lang='lat' dir='ltr'><strong><em>ob</em></strong></span> <span class='ocrx_word' id='word_1_197' title='bbox 828 3544 963 3616; x_wconf 89' lang='lat' dir='ltr'><strong><em>hoc</em></strong></span> <span class='ocrx_word' id='word_1_198' title='bbox 984 3550 1390 3638; x_wconf 86' lang='lat' dir='ltr'><strong><em>suspectam</em></strong></span> <span class='ocrx_word' id='word_1_199' title='bbox 1406 3542 1659 3615; x_wconf 79' lang='lat' dir='ltr'><strong><em>habuit</em></strong></span> <span class='ocrx_word' id='word_1_200' title='bbox 1676 3550 1927 3617; x_wconf 85' lang='lat' dir='ltr'><strong><em>cuncto</em></strong></span> <span class='ocrx_word' id='word_1_201' title='bbox 1953 3543 2089 3616; x_wconf 84' lang='lat' dir='ltr'><strong><em>&#39;sibi</em></strong></span> <span class='ocrx_word' id='word_1_202' title='bbox 2104 3549 2417 3636; x_wconf 78' lang='lat' dir='ltr'><strong><em>tempore</em></strong></span> <span class='ocrx_word' id='word_1_203' title='bbox 2432 3563 2773 3637; x_wconf 74' lang='lat' dir='ltr'><strong><em>puqnam.</em></strong></span> 
     </span>
     <span class='ocr_line' id='line_1_34' title="bbox 697 3638 2773 3737; baseline 0 -27"><span class='ocrx_word' id='word_1_204' title='bbox 697 3638 844 3711; x_wconf 89' lang='lat' dir='ltr'><strong><em>Sed</em></strong></span> <span class='ocrx_word' id='word_1_205' title='bbox 863 3666 1024 3713; x_wconf 89' lang='lat' dir='ltr'><strong><em>cum</em></strong></span> <span class='ocrx_word' id='word_1_206' title='bbox 1039 3646 1281 3737; x_wconf 85' lang='lat' dir='ltr'><strong><em>prima</em></strong></span> <span class='ocrx_word' id='word_1_207' title='bbox 1298 3644 1571 3717; x_wconf 88' lang='lat' dir='ltr'><strong><em>lumina</em></strong></span> <span class='ocrx_word' id='word_1_208' title='bbox 1597 3642 1923 3716; x_wconf 84' lang='lat' dir='ltr'><strong><em>Phoebus</em></strong></span> <span class='ocrx_word' id='word_1_209' title='bbox 1938 3644 2197 3716; x_wconf 85' lang='lat' dir='ltr'><strong><em>rubens</em></strong></span> <span class='ocrx_word' id='word_1_210' title='bbox 2213 3644 2424 3715; x_wconf 86' lang='lat' dir='ltr'><strong><em>terris</em></strong></span> <span class='ocrx_word' id='word_1_211' title='bbox 2448 3639 2773 3736; x_wconf 82' lang='lat' dir='ltr'><strong><em>ostendit,</em></strong></span> 
     </span>
     <span class='ocr_line' id='line_1_35' title="bbox 693 3737 2577 3841; baseline 0.001 -33"><span class='ocrx_word' id='word_1_212' title='bbox 693 3737 778 3810; x_wconf 87' lang='lat' dir='ltr'><strong><em>In</em></strong></span> <span class='ocrx_word' id='word_1_213' title='bbox 827 3740 1020 3812; x_wconf 89' lang='lat' dir='ltr'><strong><em>silvis</em></strong></span> <span class='ocrx_word' id='word_1_214' title='bbox 1069 3742 1358 3815; x_wconf 89' lang='lat' dir='ltr'><strong><em>latitare</em></strong></span> <span class='ocrx_word' id='word_1_215' title='bbox 1410 3744 1731 3841; x_wconf 75' lang='lat' dir='ltr'><strong><em>student,</em></strong></span> <span class='ocrx_word' id='word_1_216' title='bbox 1792 3750 1858 3818; x_wconf 88' lang='lat' dir='ltr'><strong><em>et</em></strong></span> <span class='ocrx_word' id='word_1_217' title='bbox 1909 3768 2147 3841; x_wconf 89' lang='lat' dir='ltr'><strong><em>opaca</em></strong></span> <span class='ocrx_word' id='word_1_218' title='bbox 2198 3745 2577 3839; x_wconf 83' lang='lat' dir='ltr'><strong><em>requirunt.</em></strong></span> 
     </span>
     <span class='ocr_line' id='line_1_36' title="bbox 691 3836 2672 3938; baseline 0.001 -30"><span class='ocrx_word' id='word_1_219' title='bbox 691 3836 888 3933; x_wconf 84' lang='lat' dir='ltr'><strong><em>Erqo</em></strong></span> <span class='ocrx_word' id='word_1_220' title='bbox 939 3844 1216 3912; x_wconf 84' lang='lat' dir='ltr'><strong><em>tantum</em></strong></span> <span class='ocrx_word' id='word_1_221' title='bbox 1265 3845 1480 3916; x_wconf 85' lang='lat' dir='ltr'><strong><em>timor</em></strong></span> <span class='ocrx_word' id='word_1_222' title='bbox 1537 3851 1838 3938; x_wconf 85' lang='lat' dir='ltr'><strong><em>pectora</em></strong></span> <span class='ocrx_word' id='word_1_223' title='bbox 1894 3846 2267 3919; x_wconf 70' lang='lat' dir='ltr'><strong><em>nudiebria</em></strong></span> <span class='ocrx_word' id='word_1_224' title='bbox 2309 3838 2672 3934; x_wconf 79' lang='lat' dir='ltr'><strong><em>pulsabat,</em></strong></span> 
     </span>
     <span class='ocr_line' id='line_1_37' title="bbox 701 3936 2669 4039; baseline 0.001 -29"><span class='ocrx_word' id='word_1_225' title='bbox 701 3936 795 4010; x_wconf 88' lang='lat' dir='ltr'><strong><em>Ut</em></strong></span> <span class='ocrx_word' id='word_1_226' title='bbox 838 3942 1128 4013; x_wconf 85' lang='lat' dir='ltr'><strong><em>cunctos</em></strong></span> <span class='ocrx_word' id='word_1_227' title='bbox 1176 3964 1519 4016; x_wconf 84' lang='lat' dir='ltr'><strong><em>susurros</em></strong></span> <span class='ocrx_word' id='word_1_228' title='bbox 1532 3950 1563 4039; x_wconf 79' lang='lat'><strong><em>,&#39;</em></strong></span> <span class='ocrx_word' id='word_1_229' title='bbox 1611 3968 1842 4017; x_wconf 85' lang='lat' dir='ltr'><strong><em>auras</em></strong></span> <span class='ocrx_word' id='word_1_230' title='bbox 1874 3947 1986 4019; x_wconf 88' lang='lat' dir='ltr'><strong><em>vel</em></strong></span> <span class='ocrx_word' id='word_1_231' title='bbox 2024 3947 2276 4017; x_wconf 77' lang='lat' dir='ltr'><strong><em>&#39;ventos</em></strong></span> <span class='ocrx_word' id='word_1_232' title='bbox 2306 3939 2669 4035; x_wconf 76' lang='lat' dir='ltr'><strong><em>horreret,</em></strong></span> 
     </span>
     <span class='ocr_line' id='line_1_38' title="bbox 688 4037 2416 4137; baseline 0.002 -30"><span class='ocrx_word' id='word_1_233' title='bbox 688 4037 1119 4113; x_wconf 87' lang='lat' dir='ltr'><strong><em>Formidans</em></strong></span> <span class='ocrx_word' id='word_1_234' title='bbox 1169 4041 1452 4117; x_wconf 85' lang='lat' dir='ltr'><strong><em>collisos</em></strong></span> <span class='ocrx_word' id='word_1_235' title='bbox 1501 4066 1832 4118; x_wconf 85' lang='lat' dir='ltr'><strong><em>racemos</em></strong></span> <span class='ocrx_word' id='word_1_236' title='bbox 1880 4048 2027 4137; x_wconf 80' lang='lat' dir='ltr'><strong><em>sive</em></strong></span> <span class='ocrx_word' id='word_1_237' title='bbox 2048 4088 2063 4105; x_wconf 88' lang='lat'><strong><em>-.</em></strong></span> <span class='ocrx_word' id='word_1_238' title='bbox 2074 4041 2416 4114; x_wconf 84' lang='lat' dir='ltr'><strong><em>volucres.</em></strong></span> 
     </span>
     <span class='ocr_line' id='line_1_39' title="bbox 699 4139 2491 4240; baseline 0.001 -29"><span class='ocrx_word' id='word_1_239' title='bbox 699 4139 874 4213; x_wconf 70' lang='lat' dir='ltr'><strong><em>Picis</em></strong></span> <span class='ocrx_word' id='word_1_240' title='bbox 934 4140 1314 4238; x_wconf 76' lang='lat' dir='ltr'><strong><em>diffuqiunt</em></strong></span> <span class='ocrx_word' id='word_1_241' title='bbox 1327 4201 1347 4240; x_wconf 83' lang='lat'><strong><em>,</em></strong></span> <span class='ocrx_word' id='word_1_242' title='bbox 1411 4148 1741 4239; x_wconf 86' lang='lat' dir='ltr'><strong><em>speciosa</em></strong></span> <span class='ocrx_word' id='word_1_243' title='bbox 1806 4142 2099 4217; x_wconf 85' lang='lat' dir='ltr'><strong><em>novalia</em></strong></span> <span class='ocrx_word' id='word_1_244' title='bbox 2134 4141 2491 4237; x_wconf 82' lang='lat' dir='ltr'><strong><em>linquunt,</em></strong></span> 
     </span>
    </p>
   </div>
  </div>
 </body>
</html>
