3034 4900
531 319 630 396 46
974 316 1525 396 CHRONICON
1578 319 2283 400 NOVALICIENSE.

472 574 478 580 .
526 531 694 585 rum
743 504 1168 582 conculcata
1211 512 1432 598 atque
1470 500 1863 578 interfecta
1902 515 2051 601 est3
2106 519 2265 581 erat
2304 508 2503 582 enim
2544 507 2710 586 noxss

529 614 734 687 Tunc
794 608 871 678 in
934 603 1094 702 ipso
1165 601 1462 676 fremitu
1530 625 1933 699 aequorum
1984 629 2119 703 per
2172 620 2384 705 porta
2436 610 2712 685 intran-

525 713 712 787 tium
784 703 1346 804 expergefactus
1400 703 1699 798 Algisus
1752 705 1954 801 regis
2006 705 2243 804 filius,
2318 711 2710 806 evaginato

525 833 706 884 ense
759 801 1214 905 percutiebat
1267 826 1529 875 omnes
1576 803 1895 878 Francos
1948 804 2306 882 intrantes
2360 833 2495 906 per
2546 835 2711 909 por·

526 923 702 985 tam.
806 904 940 980 Cui
992 913 1204 1002 pater
1263 901 1511 976 statim
1570 901 1983 1001 interdixit,
2038 931 2131 980 ne
2176 909 2490 1007 faceret,
2544 913 2711 1008 quia

527 1010 868 1084 voluntas
939 1004 1074 1077 Dei
1139 1010 1322 1074 erat.
1461 1000 1737 1075 Videns
1808 1015 2060 1078 autem
2124 1008 2461 1104 Algisus‚
2540 1011 2713 1108 quia

525 1134 675 1184 non
727 1115 1020 1207 poterat
1069 1113 1274 1176 tanto
1321 1101 1672 1174 exercitui
1725 1103 2116 1204 sustinere,
2166 1108 2461 1204 fugiens
2512 1110 2711 1184 abiit.

525 1202 842 1285 Kar'olus
893 1227 1075 1277 vero
1128 1199 1426 1298 capiens
1481 1200 1895 1300 civitatem,
1974 1207 2305 1282 ascendit
2372 1210 2445 1282 in
2509 1210 2711 1307 pala-

525 1309 755 1404 tium,
808 1303 932 1377 ubi
986 1302 1078 1375 ad
1133 1325 1302 1374 eum
1357 1298 1597 1374 omnis
1652 1301 1910 1376 civitas
1964 1307 2199 1399 venit3
2265 1320 2711 1406 receptaque

527 1415 991 1482 sacramenta
1041 1399 1454 1494 fidelitatis,
1522 1399 1718 1473 abiit.
1838 1402 2017 1476 Post
2073 1405 2451 1480 'modicum
2507 1409 2711 1480 deni-

527 1530 672 1607 que
743 1502 1110 1577 mandans
1185 1497 1563 1598 predictus
1643 1523 1777 1572 rex
1844 1500 2089 1595 abbati
2152 1505 2709 1604 Novaliciensis.,

527 1606 806 1682 scilicet
856 1599 1261 1694 Frodoino‚
1331 1609 1412 1672 ut
1462 1597 1553 1671 ad
1609 1623 1691 1671 se
1742 1597 2065 1696 veniret3
2136 1604 2331 1700 quod
2383 1617 2461 1679 et
2510 1607 2709 1679 fecit.

525 1708 714 1782 Nam
779 1701 987 1777 dedit
1031 1699 1136 1773 illi
1189 1709 1471 1771 cortem
1524 1721 1875 1794 magnam
1927 1702 2225 1775 nomine
2276 1704 2711 1802 Gabianam‚

525 1805 652 1880 ubi
689 1827 858 1878 cum
889 1799 1280 1899 apendices
1317 1822 1496 1872 suos
1534 1808 1746 1871 erant
1779 1823 2080 1874 mansas
2126 1803 2357 1895 mille,
2408 1815 2713 1903 propter

524 1903 1024 1980 reverentiam
1058 1898 1366 1991 abbatis„
1420 1897 1511 1969 ad
1546 1898 1790 1995 ipsum
1822 1901 2068 1972 locum
2104 1903 2710 1978 Novaliciensem.

524 2006 792 2080 Dicunt
825 2025 1004 2074 vero
1041 1997 1398 2090 nonnulli,
1434 1998 1630 2093 quod
1662 1999 1979 2072 Karolus
2016 2024 2145 2072 rex
2182 2002 2437 2076 oculos
2479 2003 2711 2077 eruis-

525 2117 643 2180 set
693 2096 1054 2175 Desiderii
1115 2097 1190 2168 in
1257 2095 1623 2170 Ticinensi
1688 2099 2015 2196 civitate,
2082 2099 2205 2172 ubi
2270 2125 2445 2176 eum
2498 2103 2711 2201 cepit.

679 2205 794 2276 15.
869 2200 1047 2273 Post
1115 2194 1431 2294 denique
1496 2197 1957 2273 invasionem
2024 2199 2280 2275 Italiae
2332 2227 2375 2274 a
2427 2203 2710 2286 &Karolo

525 2307 760 2398 facta,
813 2309 1174 2401 pergente
1232 2321 1322 2371 eo
1375 2297 1449 2370 in
1510 2297 1915 2373 Romaniae
1965 2301 2224 2399 tellus⁷
2279 2301 2403 2376 ubi
2457 2315 2531 2376 et
2578 2303 2713 2375 im·

523 2405 814 2506 perium
867 2411 944 2474 et
992 2397 1350 2496 patriciati
1401 2397 1765 2469 honorem
1804 2401 2239 2494 promeruit,
2291 2414 2714 2477 revertente

525 2531 657 2603 eo,
725 2505 1064 2598 Ugonem
1127 2496 1363 2569 filium
1434 2518 1653 2569 suum
1701 2497 2093 2593 puerulum
2148 2498 2407 2571 adduci
2458 2525 2713 2597 prece-

523 2606 659 2707 pit⁷
713 2626 934 2703 quem
986 2599 1204 2673 beato
1259 2596 1416 2668 viro
1467 2595 1835 2669 Frodoino
1890 2596 2443 2693 commendans,
2494 2622 2711 2695 roga·

523 2708 633 2781 vit
683 2716 766 2778 ut
814 2704 890 2775 in
943 2710 1196 2773 sancta
1247 2706 1326 2769 et
1373 2695 1784 2770 monastica
1833 2695 2300 2791 professione
2334 2696 2548 2770 illum
2578 2723 2710 2771 nu-

523 2804 753 2879 triret.
874 2798 1016 2887 Qui
1069 2796 1388 2890 benigne
1438 2817 1613 2867 eum
1664 2792 2073 2890 suscipiens
2126 2794 2307 2870 aluit
2357 2808 2434 2871 et
2486 2798 2713 2871 nutri-

524 2904 655 2999 vit,
709 2912 791 2973 ut
839 2896 993 2970 filio
1028 2895 1211 2969 tanti
1243 2893 1716 2990 imperatoris
1751 2892 2012 2966 decuit.
2118 2894 2229 2967 Ob
2274 2900 2481 2970 cuius
2514 2910 2713 2969 amo-

525 3028 688 3078 rem
739 3000 866 3072 illo
919 2995 994 3067 in
1045 2996 1208 3066 loco
1263 2992 1496 3063 multa
1563 2992 1819 3090 predia
1867 3003 2238 3065 terrarum
2292 3006 2366 3068 et
2416 2996 2713 3069 thesau-

525 3124 694 3178 rum
731 3097 1049 3169 multum
1081 3091 1180 3164 ibi
1221 3091 1535 3186 largitus
1570 3104 1705 3167 est.
1810 3092 1999 3165 Nam
2037 3103 2331 3167 sanctos
2362 3097 2713 3169 Cosmam

527 3215 602 3277 et
643 3198 1083 3275 Damianum
1135 3202 1498 3285 martyres
1552 3192 1653 3265 ibi
1704 3192 2079 3266 adducens
2132 3193 2466 3291 donavit3
2546 3219 2712 3269 san-

527 3314 725 3377 ctum
777 3318 1068 3396 quoque
1121 3290 1573 3363 Walericum
1645 3292 1981 3365 similiter
2048 3291 2149 3365 ibi
2190 3294 2511 3391 largitus
2574 3307 2711 3393 est,

527 3413 742 3497 atque
798 3395 1110 3468 aliorum
1165 3402 1590 3465 sanctorum
1641 3390 2100 3489 pignoribus,

683 3500 791 3574 16.
864 3495 1036 3570 Suo:
1080 3490 1308 3589 igitur
1361 3492 1698 3590 tempore
1762 3492 2237 3567 beatissimus
2302 3492 2713 3568 Frodoinus

524 3601 959 3675 thesaurum
1021 3594 1336 3667 multum
1402 3590 1502 3665 ibi
1568 3592 1847 3666 faciens
1899 3592 2401 3688 congregavit.
2531 3596 2714 3669 Cum

529 3722 674 3800 quo
741 3696 962 3792 etiam
1024 3692 1376 3766 thesauro
1441 3692 1620 3766 fecit
1681 3711 1975 3765 crucem
2042 3692 2121 3765 in
2188 3692 2452 3767 eodem
2519 3693 2709 3784 loco,

527 3822 710 3874 auro
763 3802 1214 3889 argentoque
1267 3816 1555 3865 necnon
1606 3791 1925 3889 gemmis
1962 3789 2527 3891 preciosissimis
2581 3813 2710 3886 op-

519 3898 703 3999 'pido
771 3903 1196 3993 operatam,
1271 3892 1347 3963 in
1400 3916 1543 3989 qua
1616 3894 1867 3966 ferunt
1938 3890 2270 3964 nonnulli
2332 3885 2712 3983 gloriosis-

531 3998 738 4076 simis
786 3992 1220 4095 pignoribus
1260 3990 1560 4088 habere,
1616 3991 1895 4066 scilicet
1928 4016 2020 4063 ex
2062 3993 2249 4061 lacte
2281 3986 2709 4061 beatissime

530 4097 808 4177 Mariae
877 4103 953 4167 et
1021 4093 1114 4170 de
1165 4092 1450 4191 capillis
1502 4091 1655 4167 suis
1708 4103 1785 4173 et
1834 4092 1928 4163 de
1978 4087 2533 4162 circumcisione
2564 4088 2709 4161 Do*
