3034 4900
1003 361 1276 436 LIBER
1350 361 1786 450 QUINTUS.
2386 360 2481 436 83

323 545 609 620 distans
663 571 704 620 a
755 545 1224 618 monasterio.
1327 544 1521 618 Dum
1570 567 1747 618 vero
1788 543 1877 615 ab
1931 569 2019 617 eo
2071 541 2482 640 duceretur,

321 658 656 722 mortuus
739 656 893 742 est,
979 645 1108 717 sed
1191 644 1493 718 minime
1574 655 1966 718 comestus.
2070 645 2238 738 Egit
2305 669 2483 740 ergo

323 747 660 819 mirabile
737 745 1142 843 quoddam,
1219 746 1412 842 quod
1488 757 1733 818 tacere
1813 747 2177 818 nolumus.
2299 747 2485 819 Nam

321 857 605 920 mutata
673 847 968 922 feritate
1035 844 1270 918 bestia
1335 845 1418 918 fit
1479 857 1727 918 custos
1779 845 2020 938 illius,
2093 843 2215 941 qui
2266 845 2487 941 paulo

317 958 491 1020 ante
545 949 788 1019 fuerat
835 945 1360 1041 interemptor,
1415 958 1490 1019 et
1542 944 1843 1017 demum
1894 946 2243 1044 sepultor.
2347 944 2487 1017 De-

319 1046 490 1121 tulit
543 1047 739 1120 enim
791 1070 962 1118 eum
1013 1067 1228 1116 versa
1281 1045 1438 1118 vice
1491 1045 1585 1117 ad
1638 1045 1969 1120 absidam
2020 1055 2315 1119 sanctae
2353 1044 2488 1118 Dei

325 1144 703 1242 genitricis
789 1145 882 1217 ad
962 1135 1294 1238 crucem,
1375 1157 1448 1218 et
1532 1143 1631 1217 ibi
1710 1169 1882 1217 eum
1948 1144 2289 1244 sepelivit
2351 1141 2487 1218 sub

321 1268 597 1342 quercu
650 1245 985 1343 quadam.
1065 1243 1432 1318 ·Cornices
1483 1267 1661 1318 vero
1716 1269 1903 1342 quae
1955 1245 2055 1317 ibi
2085 1245 2487 1318 cornicula-

321 1346 627 1441 bantur,
710 1345 1046 1418 videntes
1110 1369 1418 1442 puerum
1489 1370 1637 1418 non
1713 1345 2001 1441 integre
2076 1357 2489 1444 coopertuS,

321 1444 742 1520 nitebantur
793 1445 1184 1518 comedere
1237 1445 1433 1518 illud.
1552 1446 1703 1519 Sed
1764 1447 1888 1519 ine
1954 1446 2073 1544 qui
2140 1445 2495 1520 conclus-it

323 1571 408 1620 os
459 1545 831 1641 rabidum,
885 1546 1242 1619 conclusit
1289 1559 1366 1619 et
1417 1546 1714 1618 avidum
1767 1558 2109 1620 rostrum.
2212 1549 2276 1620 A
2330 1570 2487 1620 cor-

323 1647 688 1720 nicatione
738 1647 1003 1718 harum
1073 1669 1248 1718 mox
1299 1646 1496 1718 citati
1548 1647 1963 1740 genitoreS,
1997 1681 2008 1688 ·
2042 1657 2495 1742 cognoscunt

321 1747 620 1818 illorum
693 1747 920 1818 fuisse
987 1743 1222 1839 filius,
1303 1756 1376 1817 et
1443 1769 1600 1816 rem
1652 1758 1942 1840 gestam
1992 1747 2342 1844 pandunt.

474 1862 590 1936 43.
644 1861 754 1934 De
821 1863 1266 1934 armentario
1333 1861 1529 1934 iuius
1592 1863 2055 1960 monasterii,
2124 1863 2245 1960 qui
2314 1862 2491 1935 libe·

325 1973 528 2034 ratus
593 1971 709 2034 est
775 1960 864 2033 ab
919 1961 1072 2034 vire
1126 1963 1429 2057 anguis,
1501 1963 1910 2059 satagimus
1962 1963 2229 2036 dicere.
2360 1962 2493 2034 Hic

321 2062 498 2136 dum
567 2073 903 2136 cerneret
973 2074 1308 2136 armenta
1371 2062 1645 2135 bovum
1712 2064 1786 2136 in
1870 2076 2123 2138 monte
2194 2061 2492 2155 Cinisio,

322 2187 584 2236 somno
639 2172 896 2260 captus
957 2175 1111 2256 est,
1182 2162 1442 2260 anguis
1495 2164 1794 2260 quidam
1864 2164 2011 2236 illic
2080 2167 2319 2238 latens
2386 2163 2492 2236 vi-

321 2263 503 2335 dens
556 2273 894 2358 apertum
948 2264 1106 2335 eius
1177 2288 1298 2356 οε,
1369 2263 1700 2335 introivit
1750 2287 2037 2361 corpus.
2139 2264 2271 2336 His
2312 2287 2492 2338 ,cum

321 2361 554 2434 sensit
598 2361 934 2434 >dolorem
988 2363 1415 2461 propincum
1471 2363 1773 2458 mortiS,
1852 2365 2119 2438 clamat
2171 2373 2245 2435 et
2294 2362 2490 2435 voci-

321 2464 555 2557 ferat3
635 2461 952 2535 habebat
1033 2466 1227 2537 unde
1306 2464 1720 2537 exclamare
1785 2476 2057 2563 posset.
2176 2465 2312 2537 Hic
2375 2464 2494 2537 hic

323 2561 580 2634 audire
629 2574 844 2661 potes
898 2564 1237 2637 deificum
1292 2588 1500 2662 opus.
1552 2564 1772 2635 ‘Dum
1824 2566 2281 2638 volutaretur
2324 2576 2494 2637 ante

321 2686 524 2735 aram
579 2664 807 2735 sancti
845 2664 1059 2760 Petri,
1112 2666 1435 2737 munitus
1487 2676 1604 2737 est
1656 2689 1962 2763 corpore
2017 2676 2091 2737 et
2136 2665 2493 2760 sanguine

323 2762 634 2853 Christi3
711 2774 1009 2837 evectus
1083 2776 1198 2839 est
1247 2765 1505 2858 domi,
1585 2767 1954 2865 extemplo
2027 2764 2491 2839 obdormivit.

321 2862 592 2935 Morari
658 2864 858 2934 enim
925 2889 1071 2937 non
1141 2866 1378 2963 potuit
1456 2888 1763 2962 serpens
1830 2869 1906 2939 in
1975 2890 2291 2965 corpus,
2370 2863 2492 2937 uhi

319 2963 468 3035 iam
541 2961 973 3037 introiverat
1037 2968 1417 3050 munimen
1490 2966 1861 3061 divinum3
1934 2967 2293 3041 dissidere
2344 2990 2492 3037 non

319 3065 518 3137 valet
567 3077 899 3138 creatura
952 3077 1202 3139 contra
1245 3077 1653 3140 creatorem
1709 3093 1944 3141 suum.
2027 3071 2301 3166 Aperto
2356 3066 2491 3161 igi-

320 3174 440 3236 tur
489 3188 620 3236 ore
673 3166 988 3262 prodivit
1029 3192 1338 3267 serpens
1392 3167 1755 3261 lubricus3
1808 3170 1992 3240 alius
2041 3181 2288 3241 autem
2331 3188 2493 3237 coe-

319 3286 456 3334 vus
510 3264 668 3335 eius
721 3265 921 3361 viso,
976 3266 1184 3338 illum
1237 3267 1639 3361 interfecit,
1694 3279 1767 3339 et
1820 3267 2159 3364 patefecit
2212 3266 2492 3337 cunctis

320 3361 510 3434 mira
563 3386 750 3459 quae
806 3377 1134 3461 potestas
1189 3367 1342 3461 egit
1391 3364 1654 3437 divina.

471 3463 588 3536 44.
647 3464 914 3535 Notum
968 3476 1082 3537 est
1133 3465 1450 3558 cunctiS,
1517 3465 1710 3562 quod
1764 3465 2294 3539 monasterium
2348 3464 2489 3537 No-

318 3562 598 3634 velucis
663 3562 985 3636 dirutum
1057 3577 1172 3639 est
1247 3592 1288 3638 a
1357 3566 1706 3665 paganis,
1772 3576 1848 3638 et
1902 3590 2130 3664 usque
2200 3567 2291 3638 ad
2346 3577 2487 3638 ter-

319 3684 479 3735 ram
553 3662 922 3737 exinanita
991 3678 1158 3739 sunt
1224 3667 1380 3740 eius
1449 3665 1761 3738 moenia.
1882 3667 2233 3739 Moderno
2288 3666 2488 3737 deni-

317 3782 460 3859 que
535 3770 870 3861 tempore
938 3766 1414 3839 condolentes
1479 3766 1817 3839 monachi
1888 3766 2062 3839 inibi
2134 3768 2489 3864 degentes

323 3864 727 3961 dampnum
778 3862 995 3959 illud,
1063 3865 1469 3939 accersiunt
1537 3865 1961 3965 episcopum
2012 3866 2489 3963 Vigintimilii,

321 3974 403 4035 ut
455 3976 926 4038 consecraret
977 3965 1268 4039 absidas
1319 3967 1634 4060 dirutas,
1688 3968 2029 4040 videlicet
2070 3967 2299 4043 sancti
2358 3967 2487 4040 Mi-

327 4061 598 4137 chaelis
653 4076 1098 4164 sanctaeque
1150 4068 1282 4140 Dei
1335 4068 1707 4165 genitricis
1760 4068 2070 4163 Mariae,
2133 4080 2207 4142 et
2256 4067 2489 4141 sancti

325 4159 732 4239 Salvatoris
785 4170 1162 4265 sanctique
1213 4168 1586 4241 Heldradi.
1706 4170 1933 4242 Nocte
1994 4192 2175 4264 ergo
2240 4190 2488 4266 prece-

1873 4287 1973 4358 6*
