3034 4900
983 341 1259 416 LIBER
1323 342 1759 430 QUINTUS.
2366 339 2461 414 73

286 518 484 591 mine
549 521 916 596 Arduinus
985 523 1320 617 Glabrio3
1397 523 1515 621 qui
1594 531 1795 596 recte
1860 522 2205 619 coequari
2268 521 2465 617 lupis

284 629 554 715 potest,
609 621 970 696 violenter
1023 625 1368 696 auferens
1421 623 1685 715 aliena,
1739 633 1817 695 et
1861 621 2235 719 dispersor
2288 622 2463 693 alie-

285 742 548 790 narum
601 745 845 832 opum.
975 721 1045 796 ls
1099 723 1382 820 privata
1435 723 1551 794 lex
1608 720 1744 795 sibi
1798 720 2078 820 expetit
2129 719 2465 794 abbatiae

283 815 727 893 Bremensis.
835 821 1046 911 Quod
1104 821 1224 894 ubi
1280 822 1384 893 illi
1451 820 1717 894 obtulit
1780 821 2109 917 regulus,
2163 819 2467 914 dignam

284 941 328 988 a
391 917 548 990 Deo
621 920 844 995 solvit
910 922 1344 994 vindictam:
1435 920 1790 993 revolutis
1862 921 2138 1017 aliquot
2206 915 2465 992 diebus

286 1015 508 1090 vitam
561 1019 812 1093 amisit
863 1031 1330 1116 mortemque
1381 1017 1686 1096 invenit.

435 1115 555 1188 22.
624 1119 802 1192 Post
851 1119 1038 1190 haec
1090 1130 1268 1192 nutu
1315 1117 1753 1217 disponente
1796 1117 2039 1190 divino
2078 1117 2254 1192 Otto
2301 1118 2463 1190 fun-

283 1213 600 1308 gebatur
657 1239 972 1312 regnum
1038 1218 1317 1291 ltaliae.
1456 1219 1660 1290 Tunc
1724 1216 1953 1290 abbas
2030 1219 2229 1290 Gezo
2295 1241 2466 1289 con-

285 1325 588 1409 questus
641 1329 758 1390 est
809 1316 920 1388 vir
950 1318 1104 1389 Deo
1159 1318 1423 1415 plenus
1477 1317 1638 1413 regi
1692 1317 1887 1388 mala
1930 1341 2147 1414 passa
2188 1316 2468 1389 dudum

283 1412 638 1486 abbatiae.
748 1417 902 1490 Rex
955 1442 1131 1490 vero
1189 1416 1673 1513 adquiescens
1740 1416 1899 1490 eius
1950 1415 2465 1514 peticionihuS,

279 1526 714 1624 preceptum
767 1515 948 1588 illud
1001 1517 1406 1590 nefandum
1460 1515 1705 1590 medio
1763 1516 1927 1589 duci
1982 1516 2335 1614 precepit,
2392 1525 2469 1588 et

281 1636 356 1685 111
409 1627 806 1713 conspectu
863 1618 1195 1688 omnium
1252 1616 1618 1702 Quiritum
1671 1615 1829 1688 eius
1880 1639 2133 1708 urere3
2187 1615 2462 1688 Gezoni

282 1714 589 1786 contulit
617 1715 840 1803 aliud,
876 1715 1069 1810 quod
1107 1737 1338 1810 usque
1364 1726 1617 1786 manet
1647 1713 1717 1784 in
1754 1715 2151 1786 armariolo
2190 1726 2471 1786 nostro..

430 1810 550 1884 23.
630 1812 859 1884 Paulo
894 1825 1060 1910 post
1093 1812 1391 1910 quidam
1441 1811 1808 1911 palatinus
1861 1835 2112 1885 comes
2166 1812 2467 1884 nomine

282 1908 626 2005 Samson⁷
679 1919 762 1983 ut
813 1911 1014 1986 aiunt
1065 1912 1282 1985 multi
1333 1913 1458 2009 qui
1511 1910 1787 1984 nostris
1835 1910 2293 2009 temporibus
2346 1934 2466 1982 su-

279 2020 622 2105 persunt,
693 2011 956 2086 illusus
987 2035 1056 2083 a
1107 2012 1407 2110 propria
1458 2010 1811 2107 coniuge,
1867 2023 2204 2085 nostrum
2256 2010 2468 2108 petiit

280 2107 598 2205 dogma⁷
677 2122 750 2184 et
815 2110 909 2184 ad
977 2135 1182 2184 sacra
1240 2110 1474 2185 sancti
1524 2111 1721 2184 Petri
1774 2111 2028 2184 limina
2081 2111 2465 2206 adtons,uS‚

281 2209 518 2282 factus
589 2222 704 2283 est
771 2212 1176 2284 monachus
1242 2210 1316 2282 in
1386 2213 1549 2282 loco
1606 2211 2003 2306 Bremedo‚
2066 2208 2190 2280 ubi
2244 2210 2467 2283 sarci-

280 2309 454 2379 nula
519 2307 766 2404 posuit
830 2308 1089 2380 carnis,
1214 2309 1350 2380 Hic
1416 2320 1665 2380 autem
1716 2319 1960 2381 tantas
2013 2331 2194 2406 opes
2247 2307 2465 2382 beato

282 2405 500 2479 Petro
554 2405 844 2504 obtulit,
911 2419 990 2482 ut
1042 2420 1339 2504 egestas
1391 2407 1634 2507 prisca
1687 2420 2172 2507 repararetur.
2277 2409 2467 2481 Nam

281 2504 678 2579 adtenuata
745 2508 908 2587 loca
975 2518 1228 2582 nostra
1281 2508 1373 2581 ad
1434 2519 1717 2595 tantam
1770 2509 2097 2606 inopiam
2146 2509 2467 2581 devene-

281 2616 490 2703 rant,
558 2620 638 2680 ut
688 2621 1026 2682 carerent
1079 2607 1517 2681 victualibus
1574 2607 1773 2681 cibis.
1900 2608 2225 2683 Contulit
2285 2626 2463 2682 vero

281 2730 570 2801 aurum,
634 2718 1052 2803 argentum,
1105 2730 1328 2803 equas
1383 2720 1458 2782 et
1509 2706 1849 2804 bubulas,
1904 2718 1980 2781 et
2028 2708 2293 2781 domus
2331 2707 2465 2779 Dei

282 2806 354 2877 in
407 2806 706 2903 proprio
759 2807 921 2879 loco
976 2817 1380 2904 reparatur.
1484 2807 1674 2896 Quin
1744 2832 1922 2881 vero
1994 2807 2270 2880 curiam
2338 2808 2463 2879 de·

279 2904 448 2979 tulit
498 2929 746 3001 unam,
800 2930 942 3003 qua
997 2917 1338 2979 servatur
1387 2931 1551 2980 mos
1605 2907 1883 3005 regius,
1938 2907 2238 2980 nomine
2277 2908 2460 2981 Can-

278 3004 560 3079 nobius.
662 3004 794 3080 Est
846 3005 1046 3079 enim
1096 3006 1238 3083 sita
1287 3030 1520 3105 penes
1574 3032 1837 3105 rupes⁷
1903 3007 2171 3080 habilis
2226 3017 2300 3079 et
2352 3006 2462 3079 ni·

276 3105 420 3177 mis
472 3105 738 3179 rutilus
790 3107 1022 3202 locus,
1075 3119 1148 3182 et
1202 3108 1521 3205 undique
1576 3120 1827 3205 septus
1870 3130 2227 3204 aquarum
2264 3130 2463 3178 mea-

277 3203 514 3299 tibus,
567 3205 879 3302 piscium
934 3207 1273 3280 fertilitas
1327 3208 1580 3281 multa.
1682 3210 1874 3279 Ante
1928 3206 2135 3277 cuius
2188 3229 2273 3276 os
2318 3216 2461 3277 sta-

277 3326 509 3398 gnum
541 3304 727 3373 mire
758 3306 1286 3399 magnitudinis
1325 3304 1677 3396 habetur3
1732 3303 2215 3399 quadraginta
2255 3327 2460 3375 nam·

277 3424 420 3498 que
474 3400 772 3474 milibus
806 3403 1222 3499 in-longum
1260 3401 1679 3475 extenditur
1731 3414 1804 3475 et
1857 3403 2177 3499 quinque
2229 3402 2304 3473 in
2357 3402 2461 3473 la-

279 3512 474 3593 tum3
555 3502 816 3574 fervet·
855 3502 1054 3573 enim
1121 3501 1418 3575 flatibus
1487 3515 1789 3576 ventum
1859 3499 2300 3599 aliquando,
2383 3512 2465 3574 ut

278 3622 500 3673 nemo
555 3599 778 3674 audet
827 3599 1154 3697 ingredi3
1209 3601 1330 3675 ubi
1385 3602 1717 3699 quisquis
1768 3600 2056 3694 obierit,
2111 3600 2312 3673 visus
2352 3603 2460 3672 ul-

279 3715 394 3773 tra
461 3722 609 3771 non
676 3699 836 3774 erit.
953 3701 1133 3775 Inde
1202 3701 1498 3776 Ticinus
1562 3700 1833 3773 fluvius
1883 3699 2223 3798 proprios
2290 3700 2464 3774 trait

275 3798 579 3894 fluctuS,
655 3798 1078 3893 ingrediens
1143 3813 1217 3873 et
1283 3800 1675 3894 egrediens
1724 3800 1799 3871 in
1853 3823 1960 3874 eo.
2064 3800 2226 3873 Mos
2279 3823 2461 3873 vero

277 3921 662 3972 servorum
715 3897 1012 3970 illorum
1064 3899 1377 3973 miratur
1429 3900 1519 3971 ab
1574 3898 1954 3994 omnibus3
2010 3899 2177 3973 talis
2222 3900 2463 3972 adhuc

277 4008 726 4093 perseverat.
831 3998 1020 4071 Sunt
1073 4023 1330 4071 omnes
1394 4024 1628 4096 nuper
1677 4000 1919 4073 vocati
1972 3997 2227 4092 aulici,
2282 4023 2462 4095 quo-

277 4119 441 4169 rum
494 4121 765 4171 nomen
822 4110 894 4171 et
950 4098 1376 4172 exercitium
1413 4110 1883 4197 perseverat3
1938 4123 2109 4172 nam
2144 4110 2313 4174 sunt
2340 4098 2459 4195 qui
