3034 4900
562 363 660 438 34
977 358 1523 437 CHRONICON
1594 359 2291 442 NOVALICIENSE.

567 544 780 618 dente
851 545 1142 642 quidam
1213 569 1302 617 ex
1354 542 1775 616 domesticis
1830 542 2249 616 accubabat·
2280 543 2351 615 in
2404 545 2723 641 quadam

565 644 822 740 domu,
891 645 1090 719 audit
1159 646 1434 718 luctum
1485 643 1671 715 mire
1723 643 2243 740 magnitudinis
2298 644 2722 740 demonum,

567 745 772 842 quasi
826 756 1024 819 esset
1075 758 1364 818 caterva
1414 745 1829 839 hominum,
1898 745 2261 818 dicentes:
2323 744 2480 816 Heu
2547 746 2723 817 heu!

567 868 654 916 ea
705 843 868 918 loca
935 869 1117 942 quae
1178 868 1395 940 usque
1461 844 1679 917 modo
1725 844 2201 938 possedimus,
2274 846 2407 916 vim
2464 847 2721 917 amitti·

565 968 724 1018 mus
775 968 896 1038 ea,
950 945 1072 1016 diu
1119 968 1597 1040 possessores,
1671 967 1857 1017 nune
1911 945 2272 1038 expertes!
2340 946 2539 1032 Quos
2610 945 2719 1016 in-

568 1045 988 1142 tellegimus
1043 1069 1206 1119 esse
1251 1047 1605 1118 demones
1664 1045 1938 1142 absque
1994 1046 2141 1117 ullo
2193 1043 2559 1139 ambiguo.
2638 1045 2719 1116 In

561 1145 685 1218 die
751 1158 1100 1243 sequente
1169 1147 1345 1218 edes
1415 1144 1541 1225 ille
1608 1169 1815 1218 sacre
1882 1155 2417 1217 consecrantur.
2548 1145 2724 1218 Cor-

569 1245 1006 1320 roboramus
1084 1247 1226 1318 hoc
1307 1256 1601 1358 gestum
1689 1244 2124 1318 dictionibus
2193 1244 2422 1318 sancti
2491 1269 2725 1342 papae

569 1345 930 1441 Gregorii.
1056 1345 1246 1418 Dicit
1285 1346 1508 1416 enim
1575 1345 1645 1414 in
1715 1345 1919 1417 libris
1982 1345 2485 1440 dialogorum,
2526 1345 2727 1440 quia
2790 1429 2795 1432 ¹

487 1531 502 1544 ο
565 1445 865 1542 quidam
929 1445 1316 1543 episcopus
1395 1444 1726 1516 Andreas
1806 1444 2263 1516 consecravit
2340 1399 2726 1518 ecclesiam

571 1545 936 1642 quandam
1003 1569 1076 1616 ιιι
1127 1546 1483 1636 honorem
1540 1543 1867 1616 omnium
1919 1556 2379 1639 sanctorum,
2452 1545 2726 1618 audite-

569 1667 710 1742 que
775 1667 948 1717 vero
1001 1645 1099 1717 ibi
1151 1657 1322 1718 sunt
1370 1666 1591 1717 voces
1644 1643 2084 1742 multiplices
2120 1643 2651 1717 demoniorum.

703 1746 835 1818 45.
893 1746 1245 1833 Quadam·
1298 1744 1456 1841 die,
1546 1769 1715 1817 cum
1780 1744 2227 1818 vervicarius
2294 1745 2521 1843 ipsius
2586 1744 2726 1818 loci

567 1845 844 1920 aferret
893 1845 1164 1919 victum
1218 1845 1403 1942 aliis,
1459 1845 1578 1942 qui
1634 1857 1810 1918 tunc
1844 1846 2121 1957 Campo
2174 1845 2440 1920 Merliti
2495 1857 2727 1941 erant,

568 1946 864 2020 intravit
909 1946 986 2018 in
1041 1947 1377 2026 linterem
1430 1944 1767 2042 cepitque
1822 1945 2187 2038 remigare
2240 1967 2373 2040 per
2423 1943 2729 2028 fluvium

567 2046 865 2119 Duram.
985 2040 1362 2128 Diabolus
1400 2055 1653 2115 autem
1724 2045 2062 2154 antiquus
2129 2042 2493 2114 homicida
2562 2068 2727 2142 per-

567 2143 748 2216 didit
797 2145 992 2216 hunc
1043 2143 1463 2238 ιι5ς5ιιάο5,
1495 2141 1881 2216 suffocavit
1948 2141 2141 2214 enim
2196 2165 2363 2212 eum
2416 2141 2489 2214 in
2554 2167 2727 2238 gur·-

568 2244 800 2340 gitem
865 2268 1115 2341 aquae.
1219 2243 1368 2316 Nec
1430 2242 1673 2328 minus
1746 2243 1991 2342 probri
2060 2239 2235 2314 fecit
2297 2240 2371 2312 in
2440 2241 2557 2313 die
2612 2265 2726 2314 se

570 2344 844 2417 cundo:
930 2369 1062 2442 per
1129 2343 1687 2439 neglegentiam
1762 2343 2050 2416 cuidam
2136 2339 2343 2414 fratri
2428 2340 2777 2414 abstulit.

569 2445 1039 2542 memoriam,
1111 2456 1191 2517 ut
1255 2444 1723 2517 solummodo
1788 2468 2059 2540 aquam
2118 2445 2345 2515 ferret
2396 2442 2487 2514 ad
2540 2444 2728 2515 cele-

567 2544 1302 2619 brandummissam.
1419 2545 1838 2642 Insequenti
1888 2555 2103 2618 nocte
2157 2542 2446 2655 quidam
2499 2545 2731 2617 frater

569 2644 723 2718 ibat
788 2647 884 2719 ad
966 2645 1357 2719 aeclesiam
1427 2657 1721 2720 sanctae
1801 2644 1930 2717 Dei
2017 2642 2387 2755 genitricis
2458 2644 2728 2717 Mariae

571 2746 664 2817 ad
730 2747 1052 2819 radicem
1119 2747 1388 2819 montis
1459 2746 1717 2838 sitam,
1788 2743 2121 2857 apparuit
2188 2742 2254 2815 ei
2324 2743 2592 2815 demon
2656 2744 2732 2816 in

570 2846 894 2942 speciem
949 2848 1280 2940 scurrae,
1349 2857 1609 2918 tenens
1662 2846 1846 2919 duos
1918 2844 2168 2917 littuos
2222 2842 2294 2914 in
2368 2843 2730 2939 manibus„

568 2944 1094 3017 vestimentum
1181 2944 1382 3016 cuius
1477 2944 1791 3041 undique
1873 2944 2197 3056 ‘scissum
2275 2943 2729 3039 marginibus

571 3044 834 3125 effatis.
973 3045 1108 3116 Ille
1179 3042 1681 3158 inteirogans,
1769 3042 1929 3141 quis
2003 3043 2241 3116 esset?
2317 3043 2727 3141 respondit.

571 3142 748 3217 Sum
799 3142 909 3215 ille
977 3143 1242 3215 dudum
1261 3199 1281 3236 5
1361 3145 1479 3239 qui
1522 3142 1803 3237 perdidi
1870 3144 2337 3215 ver-vicarium
2399 3143 2727 3239 neqando

569 3246 642 3315 in
713 3268 1021 3341 aquam,
1094 3250 1160 3315 et
1220 3242 1370 3315 heri
1431 3243 1787 3339 celebrare
1853 3246 2149 3317 missam
2216 3244 2479 3339 absque
2539 3246 2727 3317 vino.

570 3346 678 3418 Ita
723 3369 898 3418 vero
932 3344 1290 3442 inquienS,
1345 3356 1418 3417 et
1467 3344 1863 3419 submersit
1915 3370 1995 3417 se
2047 3344 2121 3416 in
2174 3369 2467 3441 aquam,
2508 3347 2731 3421 ultra·-

571 3470 709 3543 que
775 3445 978 3519 visus
1029 3471 1173 3518 non
1228 3457 1362 3518 est.
1481 3445 1781 3518 Factum
1836 3457 1986 3542 est,
2048 3446 2227 3517 dum
2280 3444 2554 3518 rediret
2606 3445 2730 3518 ille

569 3548 822 3642 frater,
879 3544 1169 3619 obviam
1222 3544 1473 3617 habuit
1508 3556 1673 3617 tres
1718 3546 2041 3641 virgines
2094 3570 2375 3641 sacrem,
2427 3545 2731 3619 intuitus

570 3670 879 3743 quorum
933 3645 1152 3719 nimis
1205 3658 1361 3719 erat
1414 3643 1803 3740 candidus,
1860 3647 2180 3717 mediam
2237 3669 2416 3717 vero
2467 3646 2729 3717 horum

570 3757 769 3818 tante
838 3745 1346 3841 pulcritudinis
1423 3755 1497 3818 et
1576 3746 2062 3859 proceritatis,
2153 3757 2229 3819 ut
2298 3746 2516 3819 etiam
2580 3766 2728 3815 non

570 3845 805 3941 quiret
855 3843 982 3916 ille
1037 3847 1316 3916 vultum
1369 3846 1706 3941 ingerere
1758 3846 1830 3918 in
1886 3871 1991 3919 ea.
2081 3847 2433 3920 Dixerunt
2483 3853 2729 3921 autem

572 3955 876 4042 utreque
953 3944 1045 4017 ad
1115 3946 1593 4017 monachum:
1679 3945 1740 4016 Ο
1810 3946 2189 4038 monache,
2268 3966 2405 4037 quo
2474 3940 2730 4015 vadis?

572 4045 974 4143 Respondit
1047 4044 1204 4122 ille:
1285 4042 1387 4115 Ab
1453 4045 1747 4117 ecclesia
1807 4052 2103 4119 sanctae
2162 4042 2297 4119 Dei
2372 4043 2729 4137 qenitrieis

573 4144 954 4241 reqredior.
1039 4145 1319 4241 „Re'cte,
1373 4144 1496 4243 ait,
1550 4146 1757 4240 facist,
1814 4148 1981 4241 quia
2022 4144 2169 4215 eius
2209 4164 2431 4215 saera
2483 4143 2728 4225 limina
