3034 4900
1037 318 1314 397 LIBER
1365 319 1879 396 SECUNDUS.
2066 389 2073 396 .
2446 326 2549 404 23

457 559 505 598 ,,
523 501 812 596 Vespere
855 503 1042 578 enim
1075 505 1420 596 preterito
1459 501 1862 592 residebant
1900 523 2031 596 eqo
2066 503 2273 579 litore
2304 503 2543 605 Rheni.

429 604 840 696 conspexi,
895 608 965 677 et
1013 625 1172 677 ecce
1221 604 1571 677 viatorem
1624 602 1769 677 vidi
1814 600 2239 688 festinanter
2288 609 2542 702 venire,

459 703 854 801 Tamquam
895 726 1137 800 puyne
1181 727 1317 798 per
1367 704 1691 778 membra
1733 709 2105 798 paratum.

449 799 627 877 Aere
681 805 932 877 etenim
963 807 1304 900 poenitus
1353 806 1641 898 fuerat,
1712 828 1841 879 rex
1910 804 2174 898 inclite,
2232 781 2541 882 cinctus·
2510 861 2536 900 ‚

449 903 764 978 Gerebat
807 920 1117 1000 namque
1165 909 1446 992 scutum
1493 905 1837 996 yradiens
1851 959 1874 999 ,
1928 911 1996 977 et
2034 905 2325 980 hastam
2376 906 2539 978 cho-

1207 1038 1214 1042 ·
1453 1025 1759 1084 ruscam.

455 1102 615 1175 Viro
669 1064 857 1176 certe
904 1081 1083 1186 forti
1129 1098 1378 1174 similis
1423 1103 1599 1196 fuit,
1653 1107 1725 1174 et
1770 1105 2097 1196 quamvis
2143 1105 2393 1200 inqens

439 1201 870 1294 Asportaret
905 1199 1165 1294 hona-5⁸,
1215 1215 1545 1298 qressum
1581 1207 1820 1275 tamen
1870 1202 2225 1276 extulerat
2271 1227 2530 1281 acrem.

361 1315 364 1318 ’
437 1301 654 1374 Hunc
713 1301 1108 1376 incredibili
1143 1302 1386 1387 forme
1429 1300 1673 1395 puella
1725 1302 2079 1376 decorata
2127 1305 2355 1377 nitore

435 1399 984 1498 Assequebatur‚
1036 1405 1334 1498 ipsaque
1383 1401 1748 1573 cegballum
1794 1426 1930 1497 per
1975 1403 2143 1482 lora
2166 1405 2382 1482 rexit
2412 1427 2528 1476 ro·-

1483 1508 1744 1597 ustum,
1874 1555 1877 1558 -
2446 1545 2451 1552 -

335 1599 504 1673 bina
583 1601 868 1697 quidem
951 1601 1224 1678 scrinia
1307 1623 1454 1672 non
1531 1619 1773 1717 parva
1848 1601 2255 1686 ferentem
2280 1601 2521 1677 dorso.

337 1699 536 1788 Quae
585 1704 854 1774 scrinia
871 1755 894 1794 ,
975 1700 1168 1776 dum
1213 1703 1554 1772 cervicem
1604 1703 1895 1798 sonipes·
1936 1700 2051 1772 ille
2102 1701 2529 1783 discutiebat

333 1799 437 1871 ad
487 1800 749 1893 altum,
821 1797 1320 1895 voluminaque
1381 1821 1719 1872 crurum
1740 1801 2051 1893 superba
2113 1801 2521 1916 ylomerare

329 1898 694 1994 cupiebat,
769 1899 1056 1974 dabant
1111 1901 1422 1973 sonitum
1473 1901 1685 1996 quasi
1746 1902 1903 1996 quis
1962 1902 2263 1994 yemmis
2308 1901 2516 1972 illise-

325 2000 426 2072 rit
489 2022 769 2073 aurum.
889 2000 1030 2075 Hic
1097 1999 1298 2075 miles
1360 1999 1535 2074 mihi
1592 2007 1960 2094 presentes
2021 2022 2159 2093 pro
2225 2020 2517 2074 munere

325 2099 630 2174 dederat
669 2101 970 2194 piscesf<
1073 2101 1382 2198 Cumque
1430 2100 1541 2174 his
1574 2103 1898 2197 Hayano
1934 2100 2257 2177 audisset
2283 2102 2515 2175 verbis

328 2241 418 2254 -—-
475 2201 840 2274 residebat
893 2203 1144 2294 quippe
1196 2201 1298 2272 ad
1345 2221 1669 2273 mensam
1720 2245 1821 2260 --
2320 2245 2325 2250 ·

421 2299 692 2372 Laetus
739 2300 814 2370 in
862 2296 1190 2370 medium.
1219 2301 1575 2392 prompsit
1622 2299 1708 2370 de
1755 2305 2041 2392 pectore
2092 2298 2379 2373 verbum
2397 2325 2423 2370 .-

417 2398 926 2494 „Conqaudete
977 2397 1186 2494 mihi,
1241 2421 1456 2495 queso
1473 2441 1502 2497 ‚-
1552 2399 1722 2496 quia
1762 2397 1955 2477 ‚talia
2004 2401 2193 2472 novi.
2279 2472 2283 2477 ,

429 2498 865 2575 Waltharius
901 2499 1193 2595 ..colleya
1259 2524 1459 2573 meus
1509 2502 1851 2574 remeavit
1914 2499 2006 2573 ab
2059 2498 2397 2585 Hunisf‘,

415 2598 871 2675 Cundliarius
919 2622 1089 2673 vero
1148 2601 1484 2694 princeps
1545 2604 1759 2693 atque
1822 2600 2171 2693 superbus
2232 2622 2321 2671 ex
2368 2598 2507 2675 liaa

1413 2699 1697 2771 ratione

423 2798 904 2893 Vociferatur,
973 2768 1046 2869 et
1103 2800 1334 2871 omnis
1395 2800 1461 2871 ei
1507 2821 1680 2874 mox
1730 2797 1904 2870 aula
1957 2796 2355 2875 reclamat:

308 2898 822 2993 „Conqaudete
879 2897 1082 2994 mihi,
1145 2898 1391 2992 iubeo,
1464 2900 1635 2994 quia
1698 2921 2007 2993 yazam,
2072 2920 2291 3015 qua-m
2362 2898 2497 2992 Gy-

309 2998 554 3079 bichus
617 3022 746 3073 rex
809 3003 1022 3095 pater
1085 3022 1285 3088 meus
1348 3000 1752 3074 transmisit
1808 2997 2011 3070 Attile
2069 3000 2225 3093 reyi
2292 2998 2520 3071 Hun-·

306 3121 564 3175 norum
582 3156 604 3195 ,
675 3098 867 3175 hanc
931 3098 1105 3173 mihi
1168 3101 1653 3193 cunctipotens
1718 3098 1856 3172 huc
1922 3100 1999 3170 in·
2056 3122 2221 3171 mea
2270 3118 2499 3192 reyna

307 3202 590 3275 remisit.
599 3200 647 3241 ‘⁶
751 3200 886 3288 Qui.
935 3222 1099 3274 cum
1149 3199 1443 3275 dixisset
1487 3199 1694 3294 talia,
1744 3220 2070 3270 mensam
2114 3197 2297 3291 pede
2330 3221 2493 3291 per-

307 3298 494 3392 culit,
551 3305 650 3371 et.
665 3300 951 3373 emiliens
1003 3300 1260 3374 ducere
1312 3322 1618 3395 aequum
1660 3298 1853 3371 iubet
1892 3302 1966 3369 et
2000 3295 2263 3368 sellam
2302 3317 2493 3367 com-

299 3420 566 3491 ponere
627 3396 788 3470 ilico
855 3399 1252 3493 sculptam,·
1327 3405 1545 3515 atque
1615 3397 1702 3471 de
1765 3397 1963 3470 omni
2018 3395 2221 3489 plebe
2288 3373 2499 3489 eleqit

305 3495 680 3571 duodecim
719 3499 948 3593 viros,
999 3499 1266 3571 viribus
1313 3500 1625 3595 insiynes
1674 3503 1741 3569 et
1784 3496 2195 3590 plerumque
2234 3496 2493 3569 animis

297 3596 686 3691 probatos,
765 3600 946 3670 inter
1017 3619 1198 3695 quos
1258 3599 1473 3671 simul
1536 3601 1639 3671 ire
1705 3596 2117 3690 Haqanone
2178 3593 2485 3668 iubebat.

304 3697 438 3785 Qui
502 3695 824 3791 Haqano
893 3720 1168 3785 memor
1235 3699 1598 3791 antiquae
1635 3693 1804 3784 fidei
1852 3700 1925 3767 et
1960 3696 2247 3789 prioris
2284 3697 2485 3791 sotii,

297 3797 658 3870 nitebatur
717 3802 1194 3870 transvertere
1255 3796 1489 3871 rebus.
1603 3795 1753 3871 Rea:
1817 3801 2061 3881 tamen
2126 3820 2164 3893 9
2230 3802 2487 3869 contra
2539 3851 2541 3853 ψ

297 3898 522 3970 instat
567 3902 637 3971 et
683 3896 1003 3971 clamat:

394 3996 549 4089 „Ne
599 3997 930 4093 tardate,
981 3996 1158 4071 viri!
1219 3996 1605 4091 precinyite
1656 4017 2002 4111 corpora
2020 3995 2218 4080 ferro
2238 3992 2319 4065 1⁶⁶

298 4050 634 4169 Instructi
701 4100 943 4195 itaque
1006 4097 1262 4175 milites
1325 4096 1511 4195 telis,
1580 4120 1753 4169 nam
1827 4096 2047 4169 iussio
2112 4094 2300 4190 reqis
2364 4115 2483 4167 ur-
