3034 4900
1126 339 1605 414 APPENDIX.
1840 357 1847 364 '
2348 339 2447 414 89

297 529 506 620 atque
541 523 943 619 suppliciter
968 521 1364 618 postulans,
1402 520 1595 618 quod
1620 544 1755 617 pro
1784 520 2145 594 dilectione
2177 547 2446 598 summe

295 623 777 721 individueque
834 625 1222 718 Trinitatis,
1290 625 1370 696 si-
1419 621 1712 718 aliquod
1752 624 2219 709 infortunium
2271 647 2447 697 casu

297 727 598 797 eveniret
644 726 888 797 abbati
935 727 1152 820 ipsius
1201 724 1338 796 loci
1387 747 1547 795 cum
1596 723 1999 818 monachis,
2060 723 2451 817 prelibatus

293 849 526 920 papa,
589 828 773 897 sicut
801 828 962 920 pius
1024 831 1093 897 et
1141 847 1310 897 acer
1355 830 1610 917 pastor
1660 823 1969 910 defendit
2016 823 2452 920 custoditque

296 925 555 1011 afabre
615 949 898 1022 qreyem
959 948 1166 998 suum
1232 948 1283 995 a
1349 923 1793 996 laceracione
1844 926 2189 997 atrocium
2254 926 2451 1010 fera-

294 1049 452 1098 rum
470 1081 492 1118 ,
556 1027 658 1096 ita
732 1031 1188 1098 conservaret
1230 1023 1389 1095 illos
1437 1023 1687 1119 ubique
1748 1030 1818 1096 et
1873 1023 2223 1118 salvaret,
2292 1049 2451 1097 suc-

297 1130 618 1197 curreret
694 1126 952 1198 eisdem
1031 1148 1120 1196 ac
1199 1124 1593 1196 subveniret
1662 1147 1751 1195 ac
1840 1149 1889 1197 a
1962 1127 2453 1218 persecucione

288 1247 686 1318 pravorum
720 1225 1079 1298 hominum
1107 1247 1230 1296 eos
1264 1224 1614 1297 liberaret.
1693 1223 2157 1320 Quapropter,
2190 1227 2450 1298 sancti-

297 1326 474 1417 sime‘
521 1331 750 1422 vates,
821 1331 1261 1419 conpetenter
1321 1330 1599 1397 vestrae
1663 1325 2079 1398 clemenciae
2146 1325 2451 1421 beniyni-

299 1429 518 1497 tatem
586 1429 1004 1522 requirimus
1019 1482 1040 1520 ,
1108 1424 1640 1521 suppliciterque
1697 1428 2071 1520 propriam
2144 1427 2453 1521 inqenui-

297 1530 516 1598 tatem
573 1530 788 1600 vestri
835 1528 913 1600 id
961 1526 1250 1598 almatis
1314 1527 1761 1622 tlaqitamus,
1830 1531 1913 1598 ut
1961 1549 2101 1621 pro
2166 1549 2451 1599 summa

299 1629 755 1700 veneracione
819 1628 1362 1699 cunctitonantis
1433 1628 1770 1720 yenitoris
1783 1682 1805 1719 ,
1884 1629 2003 1722 qui
2074 1626 2454 1702 condolens

299 1724 688 1798 humanam
749 1727 1216 1821 propaqinem
1277 1747 1426 1796 esse
1494 1724 1965 1820 dampnatam
2030 1732 2239 1821 atque
2302 1729 2456 1799 neci

299 1824 685 1897 subiectam
730 1826 998 1920 probro
1051 1825 1588 1920 corruptelaque
1626 1825 2250 1920 protoplasmatis,
2304 1831 2455 1898 tra-

299 1923 476 1996 didit
553 1927 982 2021 uniqenitam
1041 1925 1316 2020 prolem
1385 1928 1630 2020 morti,
1698 1928 2029 2022 quatinus
2095 1925 2461 1998 reduceret

298 2025 648 2111 famulum
739 2027 843 2100 ad
923 2028 1296 2121 pristinum
1383 2027 1941 2098 immortalitatis
2042 2033 2455 2122 aeterneque

301 2124 748 2199 beatitudinis
796 2133 1082 2222 statum,
1136 2127 1512 2222 diqnemini
1560 2128 1763 2200 nobis
1808 2126 2189 2221 consulere,
2241 2149 2456 2200 necne

296 2227 534 2323 fauste
621 2231 887 2302 cunctis
965 2231 1037 2299 in
1113 2226 1643 2299 necessitatibus
1718 2227 2081 2298 subvenire
2168 2229 2453 2320 nostris,

299 2329 638 2421 quoniam
707 2334 838 2399 aut
891 2348 1020 2420 per
1082 2348 1206 2397 vos
1258 2328 1481 2397 veniet
1525 2325 1725 2398 salus
1772 2326 1976 2398 nobis
2020 2333 2183 2420 post
2235 2329 2457 2399 cosmi

299 2425 771 2520 conditorem,
859 2434 990 2500 aut
1065 2428 1346 2499 omnino
1427 2425 1851 2501 dimittemus
1927 2426 2160 2501 locum
2224 2429 2452 2501 istum.

302 2527 659 2625 Siquidem
723 2534 933 2601 tanta
1013 2534 1120 2602 est
1188 2530 1444 2615 feritas
1501 2526 1917 2622 praenotati
1972 2528 2416 2601 marchionis
2430 2585 2455 2625 ,

297 2635 376 2701 ut
440 2652 646 2702 nemo
698 2635 1016 2701 nostrum
1059 2650 1479 2723 permanere
1544 2634 1780 2722 potest
1824 2630 1897 2699 in
1958 2628 2203 2701 eodem
2250 2628 2455 2720 loco,-

267 2732 467 2826 quia
539 2753 781 2802 omnes
847 2736 1078 2802 cortes
1140 2730 1464 2823 vicosque
1533 2735 1603 2801 et
1663 2735 1917 2803 cuncta
1976 2729 2281 2824 oppida,
2370 2728 2457 2801 de

300 2830 548 2925 quibus
628 2832 850 2902 victus
933 2835 1000 2901 et
1086 2832 1372 2901 vestitus
1454 2829 1659 2902 nobis
1741 2828 2064 2902 veniebat
2083 2885 2103 2922 ,
2197 2836 2457 2903 totam-

299 2953 430 3027 que
491 2931 846 3003 meliorem
914 2930 1230 3003 coenobii
1296 2935 1566 3002 terram
1631 2954 1789 3002 cum
1862 2930 2157 3016 famulis
2235 2930 2458 3003 eidem

289 3032 793 3126 pertinentibus
843 3031 1131 3103 abstulit
1177 3031 1398 3127 nobis,
1449 3033 1671 3105 servis
1719 3036 1876 3104 tuis.
1977 3030 2073 3103 Et
2104 3033 2239 3103 nisi
2283 3033 2457 3118 fuis-

296 3137 406 3205 set
467 3132 760 3227 quidam
809 3134 918 3205 vir
960 3132 1385 3227 praeclarus
1450 3134 1734 3224 virtute,
1805 3137 1875 3203 et
1931 3131 2243 3204 inlustris
2286 3155 2457 3224 pro·

291 3232 555 3326 payine
605 3235 940 3328 antiquae
987 3235 1247 3327 yentis,
1316 3232 1627 3303 Samson
1687 3232 1998 3323 nomine,
2064 3234 2182 3324 qui
2235 3253 2459 3323 prope

297 3336 563 3402 metam
623 3330 846 3418 felicis
909 3334 1096 3404 vitae
1154 3333 1228 3401 in
1287 3328 1695 3425 pretitulato
1761 3328 2097 3401 coenobio
2165 3331 2467 3423 sumpsit

298 3429 613 3503 habitum
681 3454 889 3503 sacre
953 3432 1308 3526 reliqionis
1322 3488 1344 3526 ,
1419 3429 1811 3502 concedens
1871 3428 2031 3501 huic
2092 3429 2247 3502 loco
2316 3452 2461 3501 non

298 3532 592 3603 minima
635 3532 1030 3625 portionem
1076 3554 1253 3603 suae
1299 3532 1788 3627 possessionis,
1835 3530 2123 3601 minime
2165 3528 2459 3601 habere-

296 3654 456 3704 mus
503 3630 688 3703 unde
737 3634 1057 3725 spacium
1110 3631 1410 3704 duorum
1457 3633 1805 3723 mensium
1854 3632 2082 3701 vivere
2130 3631 2457 3727 quivisse-

295 3756 470 3805 mus.
573 3731 884 3827 Denique
935 3731 1126 3827 quod
1172 3733 1381 3818 nefas
1431 3739 1539 3804 est
1568 3730 1771 3804 -dictu
1789 3786 1809 3824 ,
1868 3729 2089 3824 dyrus
2134 3730 2457 3804 marchio

297 3833 599 3927 qestiens
664 3838 886 3905 totum
935 3835 1444 3905 monasterium
1496 3834 1573 3905 in
1618 3854 1829 3904 suam
1879 3831 2194 3926 rediyere
2244 3833 2457 3903 servi-

298 3938 513 4005 tutem
563 3938 634 4006 et
677 3935 749 4004 in
796 3933 1102 4021 filiorum
1151 3932 1629 4029 hereditatem,
1682 3932 1849 4005 dicit
1897 3956 1973 4004 se
2008 3931 2267 4005 habere
2294 3956 2457 4026 pre-

299 4039 570 4126 ceptum
621 4034 706 4107 de
758 4033 1019 4107 eodem.
1129 4033 1334 4123 Quod
1379 4034 1711 4121 frivolum
1764 4038 1870 4105 est
1917 4038 1986 4104 et
2026 4032 2455 4105 mendosum.

297 4132 620 4229 Namque
667 4137 928 4208 scimus
946 4192 964 4229 ,
1031 4136 1223 4231 quod
1269 4134 1651 4207 Lotharius
1702 4132 1986 4228 reyulus
2032 4133 2216 4221 filius
2273 4132 2455 4227 Προ-
