3034 4900
1005 347 1279 422 LIBER
1331 346 1749 422 TERTIUS.
2370 349 2461 422 41

287 553 516 626 vero,
587 529 701 602 cui
765 553 1038 603 nomen
1091 541 1207 604 est
1255 529 1522 624 Duria,
1588 552 1908 627 pergens
1977 552 2113 626 per
2176 531 2469 604 ltaliam

289 653 587 728 semper
652 629 984 726 turbida,
1040 654 1314 727 paucos
1367 631 1617 701 ferens
1668 629 1950 726 pisces
2004 654 2152 701 non
2205 630 2469 704 obmit-

287 739 454 804 tens
508 754 725 802 suum
767 754 1066 825 nomen,
1120 730 1356 803 donec
1408 729 1929 824 demergatur'
1908 753 1984 800 ιιι
2015 729 2473 802 Heridanum

287 830 691 903 maximum
759 829 1174 902 fluviorum.
1297 828 1462 901 Alia
1528 852 1849 925 namque
1936 828 2277 903 discurrit
2340 851 2474 930 per

288 929 605 1006 Galliam
681 929 1214 1042 provinciam,
1250 927 1465 1000 valde
1534 927 1955 1023 pisciferam
2026 937 2103 1001 et
2172 925 2475 1024 claram,

288 1053 520 1125 usque
575 1029 752 1102 dum
804 1029 1144 1101 veniatur
1196 1027 1269 1099 in
1321 1025 1762 1097 Rhodanum
1810 1026 2137 1101 fluvium.
2256 1030 2474 1102 Cum-

291 1152 432 1225 que
486 1128 578 1200 de
633 1129 902 1200 eodem
953 1137 1206 1200 monte
1255 1126 1575 1198 Karolus
1626 1126 2131 1223 descenderet
2197 1127 2479 1202 invenit

290 1229 363 1299 in
436 1228 800 1300 descensu
861 1227 1094 1324 ipsius
1161 1226 1435 1298 montis
1507 1238 1791 1299 turrem
1860 1229 2272 1323 quandam,
2338 1226 2476 1300 sub

293 1349 438 1423 qua
491 1325 931 1424 carpebatur
981 1327 1122 1421 via,
1174 1326 1250 1398 in
1301 1349 1444 1422 qua
1483 1326 1831 1398 manebat
1879 1327 2071 1400 latro
2115 1351 2285 1400 cum
2321 1325 2477 1400 suis

292 1426 737 1524 latronibus,
806 1426 1105 1499 nomine
1170 1425 1546 1520 Ebrardo3
1620 1425 1739 1523 qui
1811 1427 2045 1506 multa
2113 1426 2309 1500 mala
2376 1424 2480 1496 ibi

294 1525 574 1599 faciens
641 1550 808 1599 cum
869 1527 1076 1622 suis,
1147 1550 1295 1598 non
1363 1525 1842 1622 permittebat
1908 1527 2227 1623 aliquem
2296 1525 2477 1600 inle-

293 1650 458 1700 sum
513 1627 868 1720 transire,
941 1638 1066 1698 aut
1115 1624 1743 1738 depredabantur
1770 1636 1894 1698 aut
1943 1625 2481 1738 vapulabantu'r

295 1736 421 1799 aut
461 1723 1136 1817 interficiebantur·
1190 1725 1437 1820 sicque
1485 1723 1785 1818 sanguis
1840 1724 1937 1796 ibi
1990 1725 2331 1798 innoxius
2370 1748 2479 1796 m-

295 1823 439 1896 mis
483 1823 1030 1896 effundebatur.
1135 1824 1348 1894 Hunc
1399 1846 1580 1916 ergo
1634 1825 1997 1894 latronem
2044 1823 2482 1921 obpugnans

293 1923 613 1997 Karolus
650 1921 919 1996 devicit
953 1921 1198 2019 coepit
1230 1934 1302 1994 et
1341 1921 1730 2019 interfecit,
1784 1935 2211 2018 tulremque
2244 1923 2484 2034 ipsam

298 1999 673 2096 destriixit.
777 2023 1056 2094 Exinde
1096 2046 1275 2094 vero
1312 2045 1623 2095 movens
1666 2022 2091 2119 exercitum,
2145 2020 2485 2120 pervenit

299 2122 390 2194 ad
444 2121 956 2196 Novaliciense
1007 2122 1571 2219 monasterium,
1623 2121 1747 2195 ubi
1800 2146 1969 2195 cum
2022 2122 2177 2196 suis
2227 2121 2483 2197 diutis-

297 2222 484 2295 sime
537 2233 872 2294 moratus
928 2233 1061 2294 est.

449 2320 516 2392 8.
590 2322 922 2414 Cumque
973 2343 1105 2390 rex
1158 2343 1324 2390 cum
1377 2319 1533 2393 suis
1592 2331 1826 2393 totam
1875 2320 2151 2392 vallem
2204 2319 2486 2414 Sigusi-

299 2443 472 2491 nam
525 2429 998 2517 occupasset,
1074 2420 1414 2518 pervenit
1461 2419 1663 2518 ipse,
1734 2430 1816 2493 ut
1868 2443 2091 2517 supra
2144 2417 2489 2513 diximus,

301 2520 396 2591 ad
475 2520 1065 2594 Novaliciensem
1147 2520 1730 2595 famosissimum
1807 2520 2284 2611 coenobium3
2362 2518 2489 2593 ubi

300 2619 584 2691 tamdiu
656 2620 894 2715 stetit,
974 2618 1212 2691 donec
1283 2642 1583 2691 omnem
1648 2630 2027 2715 sumptum
2096 2630 2173 2691 et
2238 2641 2491 2691 escam

301 2719 837 2791 monachorum
890 2718 966 2789 in
1017 2717 1262 2789 cibum
1313 2728 1969 2792 consummeretur.
2072 2719 2235 2791 Non
2290 2716 2491 2795 enim

304 2816 404 2889 ibi
471 2817 631 2890 sine
695 2841 918 2889 causa
981 2815 1427 2889 morabatur.
1544 2818 1719 2889 Erat
1787 2840 1963 2889 vero
2029 2817 2177 2891 illis
2228 2815 2492 2889 diebus

306 2917 448 2989 hoc
501 2916 941 2989 coenobium
991 2916 1209 2989 valde
1268 2916 1917 3014 opulentissimum
1984 2928 2060 2988 et
2110 2915 2332 2989 rebus
2384 2917 2488 2987 di-

307 3016 716 3113 tissimum,
805 3026 878 3087 et
955 3016 1047 3088 de
1133 3016 1599 3089 sanctissimo
1676 3028 1889 3114 patre
1970 3015 2175 3089 bene
2247 3017 2493 3089 fuerat

306 3128 705 3214 comptum.
2028 3150 2035 3157 ·

455 3218 525 3288 9.
601 3218 789 3287 Ante
843 3238 1020 3309 ergo
1076 3214 1472 3287 adventum
1524 3169 1777 3287 Karoli
1829 3214 2134 3287 audiens
2188 3211 2492 3283 Deside-

307 3312 462 3384 rius
514 3336 643 3384 rex
696 3313 1393 3409 Langobardorum,
1464 3312 1659 3410 quod
1724 3322 2085 3409 superse
2139 3319 2493 3383 venturus

311 3421 542 3506 esset,
623 3410 824 3482 misit
905 3412 998 3483 ad
1077 3414 1462 3485 universos
1530 3422 1869 3509 potentes
1954 3422 2029 3485 et
2105 3419 2495 3503 magnates

311 3509 522 3603 regni
575 3510 725 3604 sui,
779 3508 1101 3584 sciscitat
1150 3512 1239 3583 ab
1295 3512 1404 3585 eis
1457 3511 1630 3610 quid
1682 3513 2012 3583 facturus
2052 3520 2271 3581 esset.
2356 3505 2499 3595 Qui

309 3608 846 3707 respondentes
898 3609 1259 3705 dixerunt,
1315 3636 1459 3683 non
1515 3610 1655 3683 sibi
1707 3632 1931 3705 posse
1982 3624 2165 3679 οιιιιι
2203 3607 2499 3680 modico

313 3708 640 3781 exercitu
693 3732 1122 3803 occurrere,
1177 3709 1298 3805 qui
1355 3734 1522 3781 cum
1580 3708 1822 3782 valida
1875 3731 2097 3782 manu
2151 3731 2376 3805 super
2411 3730 2497 3781 se

313 3807 678 3882 veniebat.
799 3806 948 3879 Sed
993 3808 1189 3902 iube,
1261 3808 1500 3903 aiunt,
1576 3831 1817 3880 omnes
1866 3807 2088 3879 valles
2140 3814 2207 3878 et
2259 3806 2498 3878 aditos

317 3908 608 4003 Italiae,
654 3929 790 4000 per
841 3930 1018 4001 quos
1072 3905 1158 3978 de
1213 3906 1450 3979 Gallia
1503 3908 1607 3981 ad
1654 3907 1945 3980 Italiam
1996 3908 2293 3979 transiri
2335 3912 2499 3999 pot-

320 4010 456 4099 est,
525 4030 733 4079 muro
797 4012 868 4077 et
927 4005 1138 4077 calce.
1190 4007 1277 4080 de
1336 4015 1571 4081 monte
1624 4008 1727 4080 ad
1774 4013 2087 4081 montem
2137 4005 2497 4097 claudere,

322 4110 390 4177 et
449 4108 549 4177 sic
605 4130 738 4201 per
795 4107 1364 4203 propuqnaculis
1423 4115 1490 4181 et
1551 4106 1865 4183 turribus
1928 4105 2201 4181 aditum
2268 4107 2509 4199 ipsum.
