3034 4900
1191 371 1669 447 APPENDIX.
2396 369 2501 448 99·

345 551 531 626 sicut
594 552 926 626 diximus.
1055 554 1318 631 Fuerat
1379 555 1516 643 hec
1584 551 1943 649 siquidem
2008 553 2257 628 civitas
2328 577 2504 648 cum⁴

345 652 830 728 demsissimis
901 653 1220 728 turribus
1301 654 1490 726 bene
1554 653 1931 747 redimita,
2000 666 2075 726 et
2144 651 2355 726 arcus
2420 654 2502 726 in·

346 753 646 826 circuitu
698 778 832 852 per
882 763 1115 828 totum
1170 753 1827 848 deambulatorios,
1878 777 2043 826 cum
2080 769 2495 852 propugna-

345 853 526 926 culis
580 852 896 951 desuper
946 868 1162 953 atque
1215 853 1809 928 antemuralibus,
1907 855 2282 950 Siquidem
2336 877 2496 953 pre-

343 955 578 1029 fatum
614 977 870 1050 regem
912 956 1110 1040 idem
1162 955 1549 1052 episcopus
1604 979 1644 1026 a
1700 953 1849 1026 filio
1891 954 2325 1050 Maginfredi
2378 978 2497 1028 co*

277 1071 288 1086 ⁴
345 1053 582 1146 mitis,
654 1079 822 1128 cum
907 1054 980 1128 in
1053 1055 1238 1128 silva
1314 1055 1681 1129 venationi
1760 1067 2218 1128 exerceretur
2287 1067 2362 1130 et
2426 1055 2499 1128 in

343 1154 627 1248 gremio
699 1154 1188 1229 adolescentis
1259 1179 1516 1228 somno
1581 1179 1955 1253 oppresso
2025 1155 2501 1246 obdormireu

343 1253 514 1325 dolo
583 1254 965 1328 interfecit.
1088 1256 1264 1329 Post
1330 1231 1701 1328 modicum
1767 1267 2011 1328 autem
2066 1256 2347 1352 aparuit
2396 1255 2503 1328 illi

345 1353 658 1466 quadam
727 1355 842 1428 die
914 1347 1246 1430 diabolus
1312 1355 1382 1428 in
1436 1355 1733 1428 modum
1800 1357 2265 1453 vulpeculae,
2335 1379 2502 1428 cum

345 1455 830 1551 equitaretur3
904 1479 1120 1554 quam
1190 1455 1583 1554 perniciter
1646 1455 2018 1529 insecutus
2090 1469 2242 1550 est,
2314 1456 2505 1530 sicut

347 1556 540 1627 fatur
591 1557 964 1654 popularis
1015 1557 1317 1652 vulgus,
1392 1556 1463 1628 in
1526 1568 1813 1632 tantum
1864 1567 1945 1628 ut
1996 1556 2303 1630 ulterius
2354 1581 2499 1630 non

343 1655 439 1728 sit
489 1657 712 1733 visus.

497 1756 604 1828 14.
671 1749 802 1826 His
854 1777 1162 1851 quoque
1193 1752 1452 1826 diebus
1503 1753 1720 1828 Wido
1786 1755 2320 1828 serenissimus
2366 1757 2502 1828 im·

345 1866 640 1966 perator
691 1877 1004 1950 regnum
1041 1852 1693 1950 Longobardorum
1734 1854 1987 1952 paucis
2034 1847 2345 1928 obtinuit
2380 1879 2503 1928 an·-

347 1953 482 2127 ptisi
585 1953 790 2030 Circa
831 1956 967 2030 hec
1008 1965 1380 2053 tempora
1374 1954 1731 2035 Rodulfus
1778 1979 1905 2026 rex
1935 1955 2269 2050 regnavit
2313 1954 2505 2054 apud

413 2079 454 2126 a
487 2077 590 2129 os.
2525 2071 2533 2080 ·

499 2173 618 2245 15
669 2172 904 2246 Carne
953 2171 1224 2284 itaque·
1239 2171 1639 2269 imperator
1670 2170 1841 2244 Otto
1875 2171 2155 2244 maiore
2190 2185 2503 2269 mortue,

344 2272 538 2345 illico
613 2271 969 2354 successit
1037 2267 1366 2368 protinus
1431 2271 1516 2342 in
1591 2293 1822 2366 regno
1898 2272 2260 2346 secundus
2330 2274 2503 2346 Otto

347 2370 551 2444 filius·
595 2371 986 2485 equivocus
1039 2371 1213 2444 eius.
1336 2370 1649 2469 Migrato
1714 2393 1889 2442 vero
1942 2372 2081 2445 isto
2136 2395 2177 2444 e
2230 2374 2503 2469 secum,

347 2473 608 2546 tertius
679 2472 868 2547 Otto:
921 2472 994 2544 in
1064 2496 1292 2568 regno
1365 2471 1691 2567 eligitur,
1762 2472 1881 2569 qui
1944 2471 2017 2544 in
2088 2473 2507 2569 coniugium

348 2574 712 2670 quandam
777 2596 1078 2645 sumens
1147 2574 1496 2669 Grecarn,
1570 2572 1794 2644 filiam
1846 2572 2505 2672 Constantinopoli-

349 2673 501 2745 tani
565 2672 1066 2770 imperatoris3
1136 2696 1445 2771 quorum
1493 2673 2019 2771 paranimphus
2090 2674 2326 2747 extitit
2392 2682 2506 2747 a'r-

349 2774 852 2872 chiepiscopus
891 2774 1242 2846 Arnulfus
1290 2773 1876 2846 Mediolanensis.
1949 2774 2084 2847 Hic
2124 2798 2286 2847 cum
2328 2777 2507 2848 Gre-
2569 2821 2579 2832 ·

223 2906 236 2921 ¹
349 2874 452 2947 cis
512 2874 827 2971 quodam
879 2881 1214 2972 tempore
1281 2873 1559 2945 bellum
1622 2896 1887 2970 agens,
1952 2876 2024 2946 in
2095 2900 2236 2973 quo
2308 2875 2507 2947 vide-

347 2975 518 3047 licet
577 2974 854 3089 praelio
912 2986 1168 3081 captus
1217 2998 1381 3047 curn
1435 2976 1527 3046 ab
1572 2975 1773 3073 ipsis.
1802 2987 2215 3071 teneretur,
2284 2998 2507 3074 supra

347 3098 616 3171 equore
671 3076 952 3149 marino
1007 3088 1388 3173 suspectus
1442 3087 1557 3149 est
1606 3075 1695 3147 ab
1745 3076 1961 3174 ipsis,
2017 3079 2175 3149 fore
2228 3100 2506 3173 regem.

349 3178 587 3263 Quam
639 3176 1119 3274 suspitionem
1169 3177 1359 3272 ipse
1381 3201 1547 3249 cum
1600 3177 1787 3270 suis,
1839 3177 1913 3247 in
1968 3189 2336 3271 quantum
2355 3178 2508 3273 qui-

350 3273 514 3369 bat,
586 3297 666 3346 se
721 3296 974 3369 regem
1025 3276 1478 3369 abnegabat,
1550 3275 1681 3346 sed
1734 3298 1948 3346 suum
2000 3274 2509 3347 fidelissimum

351 3386 426 3447 et
475 3373 959 3446 auricularem
1012 3374 1167 3446 eius
1220 3398 1302 3446 se
1354 3373 1737 3446 fatebatur.
1839 3373 2030 3445 Dum
2071 3386 2318 3448 autem
2369 3375 2509 3451 ista

351 3485 426 3545 et
485 3473 625 3545 alia
693 3475 1043 3545 nonnulla
1107 3474 1524 3547 huiusmodi
1576 3473 1929 3569 litigando
1983 3496 2509 3572 prosequeren-

348 3585 504 3669 tur,
556 3573 1060 3670 insinuabant,
1132 3585 1212 3647 ut
1279 3574 1416 3648 nisi
1472 3600 1649 3647 auro
1704 3584 2103 3667 argentove
2157 3585 2510 3672 quantum

350 3673 464 3747 sui
527 3697 790 3771 corpus
859 3698 1090 3773 aeque
1159 3677 1367 3750 lance
1443 3685 1791 3787 pensaret
1859 3674 2283 3771 redimeret,
2361 3701 2507 3749 non

350 3778 545 3848 foret
597 3774 1090 3847 dimissurum.
1174 3777 1396 3849 Missa
1435 3774 1793 3888 protinus
1814 3775 2071 3848 relatio
2110 3788 2225 3849 est
2260 3774 2351 3847 ad
2396 3800 2509 3849 re·

352 3878 626 3971 ginam,
682 3899 867 3973 quae
910 3875 1008 3947 ibi
1042 3885 1213 3948 tunc
1249 3876 1584 3974 proxima
1615 3874 1891 3963 aderat,
1946 3889 2021 3951 et
2061 3876 2510 3950 insinuatum

353 3988 466 4049 est
515 3976 622 4049 illi
675 3999 894 4048 omne
946 3976 1051 4047 rei
1105 3986 1466 4049 eventum.
1572 3977 1731 4064 Que
1764 3977 2117 4051 citissime
2156 3978 2511 4076 plurimos

351 4075 670 4171 ephebes
721 4077 922 4150 misit
971 4076 1311 4191 iuvenes,
1365 4076 1672 4149 feminili
1724 4075 1921 4151 abitu
1976 4078 2292 4173 indutos,
2346 4102 2511 4150 cum

353 4176 821 4252 mucronibus
887 4177 1025 4252 sub
1089 4177 1348 4252 tunicis
1412 4166 1821 4272 absconsis,
1894 4179 2012 4276 qui
2080 4176 2511 4253 videbantur

1812 4299 1915 4369 7*
