3034 4900
1057 313 1333 386 LIBER
1389 315 1808 390 TERTIUS.
2432 320 2530 396 37

442 497 554 570 15.
609 494 713 568 De
776 497 920 584 filio
985 519 1117 568 suo
1179 497 1418 591 Uyone
1431 553 1454 592 9
1526 521 1733 592 quem
1785 497 1995 568 beato
2044 499 2197 570 viro
2249 503 2321 571 in
2372 525 2522 573 mo-

606 599 895 668 nastica
938 599 1388 689 professione
1449 599 1719 669 nutrire
1772 599 2071 691 royavit.

441 698 548 770 16.
602 696 712 768 De
762 719 990 790 cruce9
1045 719 1262 792 quam
1296 697 1484 768 idem
1522 697 1971 770 beatissimus
2006 699 2116 768 vir
2164 699 2237 768 in
2272 699 2519 772 eodem

601 796 758 867 loco
809 798 1009 890 fecit,
1077 803 1148 868 et
1208 796 1458 890 quibus
1504 797 1924 890 piqnoribus
1970 799 2045 867 in
2097 819 2185 867 ea
2233 797 2516 871 locavit.

432 897 541 969 17.
602 895 809 985 Quod
857 895 1350 990 quadrayinta
1421 901 1493 966 et
1538 897 1779 968 tribus.
1832 899 2042 969 annis
2091 899 2165 967 in
2218 895 2515 970 abbatia

608 998 758 1067 sine
809 996 1098 1065 crimine
1150 995 1432 1065 mansit.

432 1093 543 1168 18.
598 1095 706 1166 De
741 1099 1238 1166 testamentum
1267 1095 1488 1187 ipsius
1516 1093 1677 1188 loci9
1715 1093 1908 1189 quod
1946 1097 2119 1181 fecit
2151 1099 2511 1168 renovari.

427 1197 542 1268 19.
596 1193 706 1264 De
753 1192 1127 1278 famulos
1103 1195 1323 1285 ipsius
1376 1193 1784 1288 aecclesiae,
1840 1197 1959 1289 qui
2000 1195 2389 1266 manebant
2438 1199 2511 1268 in

599 1290 770 1362 villa
841 1291 1140 1386 Ociatis9
1207 1291 1514 1386 qualiter
1575 1315 1697 1364 eos
1768 1301 1933 1365 ante
1995 1297 2184 1388 reyis
2233 1295 2511 1389 leyatos

595 1391 865 1466 devicit

420 1489 534 1563 20.
589 1490 698 1562 De
747 1489 1074 1584 exempla
1109 1491 1516 1584 emunitatis
1564 1490 1821 1564 Karoli
1870 1494 2059 1588 re9is
2110 1497 2322 1588 atque
2366 1517 2512 1587 pa-

588 1592 771 1662 tricii
823 1590 926 1661 ad
977 1589 1312 1661 abbatem
1361 1589 1823 1662 Frodoinum.

415 1687 531 1759 21.
586 1689 694 1760 De
743 1688 1100 1781 Atteperto
1151 1688 1528 1760 monacho,

414 1786 531 1858 22.
583 1788 692 1860 De
730 1787 997 1860 Carolo
1023 1789 1458 1880 imperatore
1511 1794 1578 1858 et
1626 1786 1866 1880 Alqiso
1920 1789 2108 1881 reyis
2151 1789 2503 1860 Desiderii

583 1887 750 1974 filio.

405 1985 525 2059 23.
583 1987 726 2060 Cur
776 1986 1096 2058 occidere
1148 2011 1306 2060 eum
1361 1985 1665 2058 Carolus
1716 1986 1953 2058 voluit.
2086 2017 2091 2022 ·

407 2085 525 2157 24.
585 2084 902 2175 Qualiter
952 2089 1278 2181 evaserit,
1331 2093 1402 2158 et
1449 2086 1553 2158 ad
1592 2085 1868 2158 Anzam
1920 2091 2225 2159 matrem
2274 2099 2493 2182 usque

569 2186 990 2277 pervenerit.

402 2281 522 2356 25.
574 2282 684 2354 De
733 2280 1090 2366 Amblult'o
1141 2279 1421 2352 abbate.

399 2381 520 2454 26.
581 2381 787 2472 Quod
826 2387 998 2475 post
1043 2378 1474 2517 Amblulfum
1526 2379 1740 2477 Huyo
1808 2383 1881 2452 in
1932 2380 2302 2453 abbatiam
2355 2381 2486 2453 ele-

573 2488 730 2555 ctus
779 2484 884 2555 sit.

397 2580 514 2653 27.
567 2582 676 2654 De
705 2603 786 2653 eo
815 2580 1007 2677 quod
1036 2579 1333 2665 feliciter
1372 2602 1538 2651 eam
1571 2581 1719 2650 suis
1743 2579 2178 2671 temporibus
2202 2584 2480 2654 rexerit.

395 2680 513 2753 28.
568 2680 675 2752 De
727 2682 1036 2752 transitu
1091 2677 1334 2751 Caroli
1381 2679 1861 2771 imperatoris,

390 2781 510 2852 29.
571 2778 779 2870 Quod
801 2777 1072 2850 hisdem
1101 2778 1539 2870 temporibus
1578 2784 1817 2849 ortum
1864 2780 1961 2849 sit
1992 2778 2248 2851 bellum
2298 2782 2480 2854 inter

569 2884 910 2974 quattuor
955 2882 1228 2963 fratres
1277 2878 1472 2966 filios
1514 2878 1777 2951 Caroli.

388 2977 504 3051 30.
566 2978 775 3066 Quod
825 3001 906 3051 eo
962 2976 1074 3049 die
1117 3000 1282 3072 quo
1292 2980 1749 3049 commissum
1790 2983 1897 3050 est
1935 2978 2263 3076 prelium,
2318 2981 2476 3054 dia-

564 3078 767 3151 bolus
817 3078 1166 3149 Romanis
1215 3078 1581 3149 nuntiavit.

389 3174 507 3245 31.
561 3177 667 3248 De
717 3179 953 3248 sancti
1004 3174 1339 3249 Medardi
1388 3179 1846 3249 monasterio.

385 3272 502 3347 32.
560 3274 666 3346 De
719 3278 1030 3347 transitu
1082 3276 1374 3371 Hayoni
1426 3275 1730 3347 abbatis.
2456 3322 2491 3339 -.

387 3371 506 3447 33.
565 3373 672 3444 De
744 3373 904 3444 Otto
967 3376 1434 3468 imperatore,
1503 3376 1627 3469 qui
1683 3380 1857 3467 post
1913 3374 2173 3446 multos
2244 3396 2475 3446 annos

560 3472 900 3543 Carolum
969 3474 1266 3545 invisere
1314 3474 1552 3550 voluit.

495 3570 1058 3645 EXPLICIUNT
1113 3572 1577 3647 CAPITULA
1629 3572 1879 3643 LIBRI
1930 3570 2257 3645 TERTII.

803 3741 1146 3815 1NClP1T
1199 3706 1471 3821 1.OEssss
1534 3742 1949 3817 TERTms.

435 3881 494 3950 l.
549 3876 712 3950 Fuit
765 3876 990 3973 igitur
1043 3877 1230 3950 circa
1284 3879 1468 3951 haec
1520 3891 1855 3977 tempora
1903 3880 2097 3979 apud
2151 3901 2467 3975 regnum

276 3976 724 4050 Francorum
769 3978 886 4051 vir
931 3977 1230 4075 quidam
1282 3978 1576 4052 inclitus
1629 3980 1927 4052 nomine
1964 3978 2464 4074 Magafredus9

277 4074 406 4171 qui
431 4088 508 4149 et
539 4078 698 4175 ipse
732 4079 1188 4177 Franoigena
1225 4079 1483 4174 extitit,
1537 4080 1817 4153 scilicet
1854 4091 2195 4177 tempore
2232 4079 2463 4175 Pipini
