3034 4900
819 395 824 402 .
933 333 1212 412 LIBER
1233 333 1785 414 :SECUNDUS
2350 339 2399 410 'i
2414 335 2453 408 1

271 519 474 634 piius
505 529 907 594 corruerat.
1011 519 1246 593 Pueri
1261 543 1442 592 vero
1483 518 1685 613 regis
1736 518 1859 614 qui
1902 517 2461 616 antecedebant,

273 619 622 694 adhibitis
675 619 979 719 propius
1044 618 1276 692 cereis
1327 617 2019 716 contemplabantur
2080 643 2271 714 eam,
2323 621 2462 694 mi·

273 731 524 796 rantes
577 743 895 818 quenam
947 731 1166 794 esset.
1268 721 1366 792 At
1413 719 1539 791 ubi
1592 742 1722 791 rex
1766 742 1935 792 eam
1980 719 2305 814 agnovit,
2361 719 2464 794 ita

276 820 546 919 inquid
582 820 676 896 ad
729 844 931 894 eam:
989 821 1165 894 Cum
1214 819 1354 891 illis
1405 841 1577 934 ειμι)
1624 817 1945 914 pedibus,
2000 840 2160 891 cum
2213 819 2465 914 quibus

277 920 418 994 hue
474 923 752 1018 venisti,
823 921 967 992 heu
1027 919 1396 1030 neqmbiS,
1445 921 1547 991 mi
1614 942 1799 990 cara
1811 974 1834 1013 ,
1903 919 2055 991 iam
2122 941 2463 992 remeare,

277 1023 878 1118 Amoventesque
917 1020 1142 1116 igitm
1193 1019 1529 1118 protinus
1584 1041 1751 1090 eam
1791 1021 2253 1117 multumque
2304 1018 2467 1092 eius

277 1124 502 1194 funus
555 1122 1024 1219 plangentes,
1074 1119 1152 1191 in
1205 1119 1403 1193 diem
1455 1141 1690 1215 usque
1744 1121 2057 1195 tercium
2100 1121 2261 1192 eius
2298 1143 2471 1234 pro-

189 1263 204 1271 -
279 1220 672 1296 tendentes
752 1220 1251 1318 sepulturam,
1337 1219 1430 1291 ad
1498 1218 1841 1291 ultimum
1906 1243 2075 1291 cum
2144 1221 2467 1293 maximo

282 1321 566 1394 honore
607 1343 776 1393 cum
809 1320 1022 1393 turba
1063 1319 1362 1432 copiosa
1413 1319 1571 1393 eius
1624 1319 1979 1393 ducentes
2033 1319 2471 1418 obsequium

281 1420 376 1492 ad
429 1419 818 1493 ecclesiam
871 1419 1084 1494 beate
1135 1418 1400 1516 Marie,
1465 1443 1609 1518 que
1662 1419 1775 1492 Ad
1827 1443 2123 1496 crucem
2177 1420 2471 1518 dicitur,

282 1521 676 1594 humantes
721 1522 1197 1620 sepelierunt.
1303 1518 1527 1595 Cuius
1563 1519 2042 1618 sepulchrum
2076 1519 2169 1592 ab
2208 1475 2471 1594 incolis

282 1620 424 1693 loci
492 1620 792 1734 saepius
861 1621 1043 1692 mihi
1097 1633 1480 1695 ostensum
1534 1630 1666 1693 est.
1781 1621 1936 1693 Rex
2002 1632 2250 1694 autem
2312 1645 2473 1694 mo·

281 1721 691 1794 nasterium
742 1720 896 1792 suis
949 1719 1174 1815 regiis
1227 1719 1590 1792 decorans
1639 1719 2153 1816 muneribus,
2174 1720 2387 1794 abiit.

435 1822 504 1894 5.
557 1821 706 1892 Ad
723 1819 1105 1890 dexteram
1166 1842 1486 1916 namque
1539 1818 1757 1891 huius
1807 1820 2239 1894 monasterii
2306 1845 2474 1917 par·

285 1928 441 1992 tem
482 1918 798 1992 habetur
833 1928 1167 1990 montem
1198 1919 1670 2006 Romuleum,
1716 1919 2199 1991 excelsiorem
2236 1920 2474 1994 cuntis

285 2018 660 2092 montibus
712 2015 852 2091 sibi
906 2016 1452 2092 adherentibus.
1558 2017 1641 2089 In
1693 2019 1889 2091 hunc
1922 2042 2105 2114 ergo
2144 2031 2477 2094 montem

284 2119 520 2193 fertur
589 2119 958 2216 quondam
1027 2117 1406 2192 habitasse
1481 2116 1733 2190 estivis
1804 2119 2267 2216 temporibus
2333 2122 2477 2193 Ro·

286 2220 534 2292 mulus
587 2219 886 2314 quidam
940 2242 1072 2290 rex
1135 2214 1871 2312 elefantiosissimus,
1926 2241 1969 2288 a
2024 2243 2165 2314 quo
2220 2230 2295 2298 et
2346 2244 2478 2292 no·-

286 2343 460 2390 men
516 2317 838 2414 accepit,
907 2325 1240 2414 propter·
1277 2315 1767 2410 refrigerium
1826 2326 1901 2388 et
1954 2319 2481 2392 amoenitatem

289 2417 448 2491 loci
483 2418 604 2490 vel
655 2418 882 2491 lacus.
983 2416 1122 2489 Hic
1173 2437 1353 2511 ergo
1407 2438 1625 2490 mons
1670 2413 1761 2487 ad
1803 2415 2183 2489 dexteram
2242 2429 2321 2491 ut
2370 2417 2479 2491 di-

286 2517 532 2592 ximus
583 2516 1091 2613 circumcingit
1141 2516 1567 2627 predictum
1610 2515 2074 2613 coenobium,
2130 2518 2221 2589 ad
2275 2519 2483 2595 cuius

289 2618 619 2693 radicem
689 2617 936 2717 pergit
999 2617 1142 2691 iter
1209 2639 1350 2729 qua
1400 2614 1695 2687 vehitur
1742 2614 2481 2711 Burgundiam.1n

291 2742 380 2791 eo
435 2720 704 2817 quippe
767 2728 1022 2789 monte
1091 2712 1392 2789 asserit
1423 2715 1801 2814 popularis
1870 2717 2137 2811 vulgus
2204 2716 2481 2791 habere

292 2820 646 2890 nonnulla
691 2819 1022 2891 ferarum
1059 2839 1360 2911 genera,
1415 2816 1605 2889 sicut
1655 2827 1729 2889 et
1778 2816 1851 2888 in
1887 2816 2161 2891 Cinisio
2198 2830 2481 2916 monte,

267 2910 471 3012 ursi,
525 2917 781 3013 ibices,
835 2940 1146 3015 capreae
1178 2927 1260 2989 et
1293 2916 1607 2990 aliarum
1646 2916 1740 2988 ad
1770 2914 2250 2991 venacionem
2286 2930 2481 3017 apta.

288 3018 400 3091 De
451 3042 596 3116 quo
651 3018 884 3091 oritur
933 3017 1242 3114 rivulus,
1296 3015 1755 3090 descendens
1806 3040 1941 3116 per
1994 3017 2301 3091 nimiam
2352 3042 2481 3116 pe·-

291 3128 574 3192 traium
626 3118 958 3223 ipsarum
1009 3118 1621 3216 profunditatem,
1676 3116 1751 3189 in
1808 3142 1949 3215 quo
2005 3117 2271 3191 dicitur
2322 3120 2484 3191 fon-

293 3230 446 3293 tem
481 3216 770 3292 salitam
809 3220 1004 3292 orire
1040 3219 1476 3317 mixtimque
1507 3242 1677 3291 cum
1712 3240 1801 3290 eo
1848 3242 2164 3291 currere.
2246 3218 2483 3291 Ibices

293 3329 546 3393 autem
614 3330 690 3393 et
750 3342 1057 3418 capreae
1111 3343 1197 3391 ac
1249 3342 1428 3392 oves
1481 3316 1883 3391 domestice
1936 3317 2187 3414 sepius
2241 3316 2489 3391 solent

296 3418 389 3489 ad
443 3439 614 3491 eum
667 3442 1148 3515 concurrere,
1228 3414 1508 3493 scilicet
1556 3442 1692 3516 per
1745 3416 2198 3516 crepidinem
2250 3415 2485 3513 ipsius

295 3512 530 3611 alvei,
609 3542 775 3591 cum
845 3518 921 3591 in
991 3517 1382 3632 planitiem
1443 3507 1942 3612 dimergitur,
1988 3515 2081 3587 ob
2150 3538 2485 3591 amorem

293 3614 498 3711 salis,
535 3614 656 3687 ubi
695 3618 1134 3716 plerumque
1174 3619 1583 3717 capiuntur.
1663 3617 1929 3689 Dicunt
1958 3627 2231 3711 autem,
2286 3618 2486 3716 quod

295 3717 368 3789 in
421 3716 566 3789 isto
619 3728 874 3789 monte
926 3720 1286 3791 Romuleo
1332 3718 1699 3791 inormem
1750 3715 2122 3813 quondam
2176 3741 2487 3813 congre·-

296 3826 554 3913 gasset
617 3815 1010 3930 pecuniam
1061 3810 1438 3915 predictus
1487 3818 1889 3913 Romulus,
1962 3841 2131 3889 cum
2181 3816 2259 3891 in
2302 3838 2487 3903 eum

298 3930 667 4013 maneret,
736 3917 861 3989 ubi
915 3917 1160 3991 nullus
1211 3918 1333 4015 qui
1387 3930 1653 4016 sponte
1705 3918 1882 3991 velit
1934 3940 2288 4016 pergere,
2358 3918 2487 3991 ali-

300 4019 592 4114 quando
646 4018 1065 4091 ascendeie
1131 4020 1354 4091 valet.
1475 4013 1615 4092 Hic
1690 4031 1939 4092 autem
2009 4037 2279 4114 senex,
2363 4010 2487 4115 qui

303 4116 482 4189 mihi
523 4128 736 4195 tanta
792 4120 886 4193 de
937 4118 1203 4194 eodem
1257 4120 1420 4192 loco
1473 4118 1765 4215 retulit,
1836 4118 2231 4193 insinuavit
2282 4116 2487 4213 mihi,
