3034 4900
965 350 1240 424 LIBER
1309 349 1747 437 QUINTUS.
2350 353 2447 426 75

267 554 436 605 cum
489 534 682 606 foret
745 532 1337 630 sapientissimus
1403 543 1480 604 et
1531 533 1741 604 vafer
1791 542 1865 606 et
1915 532 2109 608 scius
2160 544 2446 609 tantum

267 633 514 729 operis
564 632 790 705 divini
857 643 1206 730 quantum
1275 632 1815 728 seem-arisque,
1872 632 2156 706 iussum
2211 647 2327 708 est
2378 637 2449 710 ei

267 731 552 805 abbatis
621 732 1066 829 iussionem,
1146 745 1227 805 ut
1303 729 1541 806 adiret
1610 733 1857 805 locum
1930 733 2022 805 ad
2091 734 2289 807 hunc
2370 746 2449 808 et

266 842 585 906 strueret
637 831 968 904 absidam
1023 786 1256 903 sancti
1311 831 1687 926 Andreae,
1754 855 1943 928 quae
1994 843 2169 906 tunc
2220 859 2449 932 parva

265 930 696 1005 habebatur.
819 933 1282 1026 Quamquam
1349 931 1544 1001 folet
1596 930 1908 1023 extima,
1978 933 2271 1006 adiutus
2342 933 2449 1005 di-

265 1031 436 1102 vino
491 1030 884 1104 aminiculo
937 1030 1088 1100 iam
1140 1028 1708 1124 redintegratur,
1764 1041 1841 1103 ut
1884 1032 2079 1105 foret
2114 1045 2450 1129 prestan-

220 1159 224 1163 ·
267 1129 412 1201 tior
463 1130 766 1203 cunctis.
883 1129 1043 1200 Hoc
1092 1153 1240 1200 non
1293 1128 1384 1199 ad
1438 1129 1777 1200 favorem
1843 1142 2261 1204 nostrorum
2316 1132 2449 1205 fati

269 1252 555 1323 sumus⁷
591 1228 723 1302 sed
761 1227 1289 1325 conspiculatio
1332 1227 1716 1299 hominum
1764 1230 2109 1325 ostendit⁷
2144 1230 2451 1304 minime

267 1351 406 1399 nos
459 1327 652 1421 falli3
707 1351 894 1424 quae
949 1326 1258 1424 quisque
1312 1326 1527 1400 nobis
1580 1327 1793 1399 facile
1846 1331 2119 1425 poterit
2156 1331 2450 1404 investi-

267 1449 450 1522 gare
503 1438 839 1500 ten‘orem
890 1426 1108 1498 huius
1150 1425 1541 1523 sermonis,
1595 1427 1659 1498 si
1690 1427 2197 1502 convenientia
2242 1453 2453 1527 aspe-

268 1527 475 1599 xerit.
611 1529 799 1600 Nam
863 1537 1074 1622 septa
1141 1525 1510 1598 nobilibus
1579 1526 2002 1602 hominibus
2070 1529 2143 1600 in
2214 1531 2453 1627 capite

267 1625 619 1723 civitatis⁷
703 1650 1062 1720 magnum
1147 1625 1652 1721 spectaculum
1724 1628 2011 1698 confert
2088 1628 2452 1702 omnibus

268 1727 446 1798 Tale
497 1749 684 1822 opus
757 1725 913 1818 egit
962 1723 1416 1818 Bruningus.,
1495 1724 2162 1798 excellentissimus
2214 1728 2324 1799 vir
2374 1739 2453 1802 et

269 1823 670 1896 admodum
735 1834 978 1898 castus
1048 1823 1526 1918 sobriusque,
1590 1833 1665 1895 et
1716 1825 2253 1897 monasterium
2306 1827 2453 1898 No·-

267 1921 547 1994 velucis
581 1921 968 2020 sepissime
1005 1921 1543 2013 considerabat
1588 1934 1665 1997 et
1698 1946 1921 2020 opum
1958 1923 2453 1997 instrumenta

269 2022 605 2118 largitus,
661 2034 742 2096 ut
795 2022 1410 2094 reaedificaretur.

420 2124 536 2198 26.
613 2121 725 2194 Ad
797 2134 1042 2195 actum
1114 2121 1504 2195 clarissimi
1570 2119 1709 2194 viri
1772 2121 2029 2196 Uberti
2070 2123 2451 2235 prepositi

267 2220 696 2294 Bremensis
729 2232 1060 2293 vertatur
1089 2222 1321 2297 stilus,
1378 2220 1733 2292 Memoria
1764 2220 1983 2294 huius
2019 2221 2152 2292 viri
2180 2247 2452 2317 magna

269 2333 387 2393 est
439 2320 631 2416 apud
683 2319 961 2414 Deum,
1029 2329 1104 2390 et
1155 2319 1350 2415 apud
1402 2319 1743 2390 homines
1796 2320 2253 2392 enucleatius
2304 2333 2455 2394 tra-

271 2418 536 2493 ctanda
591 2429 723 2493 est.
833 2419 923 2493 Ut
958 2417 1188 2492 series
1243 2442 1422 2492 cana
1474 2428 1751 2511 narrat,
1804 2418 1915 2493 vir
1968 2431 2266 2495 sanctus
2318 2419 2456 2496 iste

269 2529 570 2593 sanctus
625 2532 700 2593 et
749 2519 1136 2593 modestus
1187 2520 1348 2614 fuit,
1402 2520 1474 2591 in
1530 2532 1814 2593 tantum
1861 2533 1941 2594 ut
1976 2532 2309 2617 potestas
2360 2521 2457 2594 sit

271 2620 339 2691 ei
393 2619 661 2694 tradita
715 2619 1076 2691 demones
1128 2617 1531 2690 eliminare.
1637 2618 2146 2715 Quadraginta
2199 2618 2455 2695 videli-

271 2731 390 2792 cet
455 2721 624 2792 anni
696 2720 1128 2811 extiterant,
1197 2719 1392 2815 quod
1461 2742 1836 2815 nunquam
1903 2720 1977 2793 in
2032 2719 2227 2793 latus
2280 2718 2455 2791 dex-

271 2832 470 2891 trum
523 2844 655 2891 sua
709 2818 1044 2889 membra
1099 2818 1497 2891 reclinavit.
1620 2819 1796 2891 Post
1862 2831 2153 2891 cantum
2218 2820 2454 2917 pullo-

270 2943 434 2991 rum
509 2919 581 2989 in
651 2919 842 2992 lecto
913 2941 1290 3014 nunquam
1359 2917 1745 3012 dormivit,
1808 2920 1938 2992 sed
1993 2920 2066 2991 in
2120 2918 2455 2992 absidam

269 3018 554 3093 intrans
604 3019 762 3091 Deo
817 3018 1216 3114 plaudebat
1266 3019 1547 3092 cantica
1600 3031 1872 3093 vatum.
1992 3015 2265 3091 Volens
2331 3044 2456 3091 au-

267 3130 416 3195 tem
455 3119 652 3193 Deus
688 3118 1154 3214 requiescere
1187 3130 1477 3192 tantum
1538 3120 1773 3191 virum
1830 3120 1921 3191 ab
1974 3142 2203 3216 opere
2248 3119 2456 3213 gravi

269 3256 371 3269 -—·
421 3240 650 3310 grave
717 3218 878 3290 dico
935 3229 1236 3327 propter
1300 3219 1666 3290 sarcinam
1731 3217 2009 3311 carnis,
2090 3218 2222 3287 sed
2291 3218 2457 3291 leve

271 3314 488 3387 valde
540 3340 674 3413 per
726 3340 1060 3387 amorem
1099 3315 1416 3413 Spiritus
1467 3317 1727 3409 sancti,
1782 3314 1953 3410 quia
2004 3315 2250 3385 omnia
2286 3338 2456 3411 pos·

271 3412 510 3487 sibilia
559 3424 734 3487 sunt
785 3414 1399 3487 credentibus-
1457 3415 1683 3508 longe
1753 3426 2149 3524 antequam
2214 3435 2455 3486 more-

273 3524 520 3608 retur,
599 3512 668 3583 ei
733 3514 1092 3585 Dominus
1158 3536 1291 3610 per
1341 3514 1585 3587 visum
1638 3513 1945 3609 affatur,
2011 3512 2179 3607 quia
2230 3514 2457 3587 meati

273 3612 524 3711 paucis
578 3613 836 3685 diebus
892 3614 964 3684 in
1017 3613 1286 3709 gaudia
1339 3627 1763 3688 sanctorum
1820 3610 1910 3682 ab
1958 3612 2241 3707 angelis
2295 3636 2456 3687 sus·

271 3712 657 3812 ciperetur.
801 3714 894 3785 Et
957 3714 1142 3785 adeo
1215 3737 1386 3785 caro
1455 3713 1617 3785 eius
1684 3713 1759 3785 in
1830 3721 2115 3786 tantum
2182 3711 2455 3785 afflicta

271 3826 428 3909 est,
484 3823 564 3886 ut
613 3823 784 3909 post
834 3822 1156 3884 mortem
1209 3810 1315 3883 sic
1364 3811 1673 3885 herebat
1724 3812 1911 3884 cutis
1982 3811 2312 3903 ossibuS,
2380 3824 2459 3885 ut

271 3935 575 4009 prorsus
603 3912 827 4024 pulpa
859 3909 1122 3983 abesse
1154 3910 1569 4007 videretur3
1616 3921 1873 4010 aperte
1908 3910 2457 4007 demonstrans»,

273 4012 480 4085 cuius
531 4010 775 4085 meriti
829 4011 1068 4083 fuerit.

426 4111 540 4184 27.
609 4114 820 4185 Hunc
874 4134 1050 4181 vero
1105 4112 1400 4183 secutus
1434 4123 1549 4186 est
1580 4113 1799 4207 alter7
1852 4110 2156 4184 minime
2192 4110 2458 4208 impar,
