3034 4900
568 330 668 406 42
1009 322 1558 402 CHRONICON
1614 325 2322 407 NOVALICIENSE.

553 510 953 606 prohibere.
1060 508 1202 598 Qui
1252 508 1374 582 ita·
1405 509 1601 582 fecit.
1704 511 1894 584 Nam
1934 514 2273 611 usquein
2317 527 2743 613 presentem

559 612 758 684 diem
799 610 1118 682 murium
1153 608 1633 682 fundamenta
1672 624 2067 708 apparent3
2120 615 2741 712 quemadmodum

555 711 835 784 faciunt
895 711 989 782 de
1057 717 1309 781 monte
1361 707 1803 783 Porcariano
1872 737 2107 810 usque
2163 715 2255 786 ad
2306 716 2549 788 vicum
2604 718 2737 791 Ca·

553 810 839 908 brium,
910 807 1034 884 ubi
1086 806 1450 906 palacium
1499 808 1647 882 illis
1702 810 1959 886 diebus
2010 814 2105 886 ad
2164 814 2303 887 hoc
2356 826 2736 913 spectacu-

551 912 708 984 lum
761 912 1039 984 factum
1089 910 1355 980 fuerat.
1411 963 1418 970 .

705 1011 815 1083 10.
867 1009 1362 1082 Dum‘autem
1414 1008 1603 1080 haec
1653 1008 2110 1084 aDesiderio
2163 1013 2358 1088 facta
2392 1013 2732 1111 fuissent,

549 1122 622 1185 et
663 1109 923 1182 Franci
976 1109 1262 1181 nullum
1311 1108 1708 1181 transitum
1760 1109 2023 1184 alicubi
2060 1114 2417 1210 repperiri
2453 1115 2731 1213 potuis-

546 1219 752 1306 sent⁷
821 1207 1168 1284 veniebat
1218 1231 1389 1305 pars
1442 1209 1807 1283 exercitus
1858 1209 2307 1286 Francorum
2370 1237 2505 1312 per
2572 1213 2729 1289 dies

543 1309 916 1404 singulos,
968 1308 1406 1406 plerumque
1457 1307 1783 1399 milleni,
1852 1309 2243 1406 aliquando
2298 1313 2445 1386 duo
2498 1313 2728 1410 milia,

541 1407 1070 1504 obpugnabant
1120 1417 1196 1480 et
1247 1404 1683 1480 obsidebant
1732 1406 2285 1507 Langobardos,
2346 1438 2569 1510 super
2622 1415 2727 1488 eis

538 1504 1112 1606 propugnaculis
1166 1504 1755 1580 obsistentibus.·
1840 1508 2023 1582 Erat
2086 1509 2283 1583 enim
2353 1513 2510 1608 regi
2581 1513 2724 1584 De-

539 1607 813 1680 siderio
881 1605 1074 1678 filius
1128 1604 1426 1679 nomine
1479 1605 1806 1702 Algisus,
1859 1631 1903 1680 a
1953 1609 2335 1684 iuventute
2387 1635 2523 1686 sua
2574 1613 2722 1686 for-

535 1707 632 1780 tis
683 1705 983 1792 viribus.
1088 1703 1226 1778 Hic
1276 1703 1617 1778 baculum
1671 1706 1999 1778 ferreum
2052 1708 2493 1805 aequitando
2547 1711 2719 1784 soli-

534 1819 658 1881 tus
711 1817 870 1879 erat
920 1807 1119 1878 ferre
1187 1816 1526 1904 tempore
1590 1805 1877 1900 hostili,
1947 1820 2019 1881 et
2072 1807 2163 1880 ab
2210 1809 2377 1908 ipso
2432 1809 2721 1885 fortiter

533 1904 872 1978 inimicos
923 1903 1400 2002 percutiendo
1454 1905 1706 1978 sterni.
1810 1907 1997 1980 Cum
2049 1917 2299 1981 autem
2350 1911 2472 1984 hic
2514 1911 2717 1985 iuve-

531 2007 645 2078 nis
699 2005 860 2076 dies
912 2016 987 2077 et
1034 2015 1291 2076 noctes
1342 2003 1801 2100 observaret,
1854 2015 1929 2076 et
1968 2006 2283 2080 Francos
2339 2010 2717 2105 quiescere

529 2115 907 2199 cerneret,
992 2102 1234 2175 subito
1307 2125 1533 2200 super
1594 2103 1799 2200 ipsos
1866 2103 2192 2200 irruens,
2258 2107 2716 2205 percutiebat

525 2227 694 2276 cum
734 2203 887 2276 suis
941 2226 984 2274 a
1036 2199 1308 2274 dextris
1353 2214 1426 2276 et
1477 2226 1521 2274 a
1574 2202 1889 2276 sinistris
1942 2205 2260 2277 maxima
2300 2208 2525 2280 caede
2578 2233 2713 2282 eos

523 2301 1055 2402 prosternebat.
1186 2303 1370 2376 Cum
1431 2325 1611 2374 vero
1683 2303 1870 2377 haec
1939 2327 2076 2402 per
2144 2305 2299 2380 dies
2376 2307 2707 2404 singulos

524 2414 955 2505 agerentur,
1012 2399 1318 2498 contigit
1367 2401 1852 2475 ioculatorem
1906 2427 1997 2477 ex
2048 2403 2709 2500 Langobardorum

522 2514 744 2598 gente
807 2503 902 2577 ad
973 2502 1327 2575 Karolum
1397 2502 1689 2597 venire,
1758 2514 1833 2577 et
1902 2505 2441 2579 cantiunculam
2507 2534 2551 2580 a
2622 2532 2705 2583 se

521 2602 1010 2702 compositam
1065 2602 1155 2675 de
1209 2603 1473 2675 eadem
1511 2628 1595 2676 re
1625 2603 1939 2677 rotando
1976 2606 2049 2676 in
2093 2619 2491 2703 conspectu
2532 2631 2702 2680 suo-

517 2726 684 2774 rum
737 2715 1054 2777 cantare.
1156 2702 1332 2777 Erat
1382 2706 1581 2778 enim
1634 2726 1937 2777 sensum
1988 2704 2320 2803 predicte
2372 2706 2700 2781 cantiun-

516 2802 726 2873 culae
776 2801 1236 2874 huiusmodi:
1658 2822 1661 2827 ·

717 2899 927 2989 Quod
975 2897 1266 2970 dabitur
1312 2900 1466 2969 viro
1519 2902 1893 2995 premium,

714 2999 847 3089 Qui
893 2997 1246 3071 Karolum
1289 2998 1712 3092 perduxerit
1754 3000 1827 3071 in
1869 2998 2127 3073 Italiae
2176 3024 2495 3096 requam,

705 3099 845 3171 Per
895 3119 1078 3193 quae
1125 3120 1400 3194 quoque
1447 3099 1706 3169 itinera

707 3196 926 3272 Nulla
977 3199 1112 3269 erit
1158 3202 1412 3269 contra
1459 3220 1537 3268 se
1586 3195 1805 3268 hasta
1852 3195 2115 3290 levata,

710 3298 948 3395 Neque
999 3297 1316 3391 elypeum
1365 3319 1882 3391 repercussum,

639 3438 646 3445 ·
705 3398 852 3471 Nec
904 3396 1196 3493 aliquod
1245 3398 1618 3492 recipietur
1667 3420 1755 3468 ex
1802 3398 1951 3469 suis
2000 3396 2445 3491 dampnum?

505 3502 836 3596 Cumque
903 3498 1090 3569 haec
1153 3496 1345 3571 dicta
1415 3496 1508 3568 ad
1581 3512 1797 3569 aures
1848 3497 2100 3570 Karoli
2150 3500 2689 3595 pervenissent,

503 3598 891 3671 accersivit
941 3596 1150 3669 illum
1203 3621 1244 3670 a
1297 3620 1406 3693 se,
1460 3606 1535 3668 et
1584 3607 1843 3668 cuncta
1898 3621 2085 3694 quae
2138 3599 2455 3696 quesivit
2506 3600 2685 3671 dare

501 3697 606 3772 illi
659 3708 830 3793 post
883 3695 1261 3768 victoriam
1321 3696 1763 3794 repromisit.

654 3798 769 3871 ll.
827 3794 1142 3868 Karolus
1197 3818 1376 3890 ergo
1430 3796 1793 3868 mandans
1846 3819 2047 3892 suos,
2098 3821 2273 3869 mox
2316 3798 2387 3867 in
2428 3796 2681 3867 crasti-

498 3920 678 3969 num
728 3892 1240 3994 paratissimos
1289 3919 1454 3991 esse
1505 3895 1599 3967 ad
1650 3895 2087 3969 iterandum.
2190 3894 2325 3969 Ubi
2372 3895 2678 3967 sanctis-

498 3996 728 4069 simus
795 4005 1006 4093 pater
1071 3993 1478 4068 Frodoinus
1545 3995 1689 4067 hoc
1740 3995 2132 4094 comperit,
2181 3991 2519 4091 protinus
2572 3994 2679 4067 ini

496 4096 682 4169 duos
751 4094 1154 4169 monachos
1228 4093 1464 4193 misit⁷
1545 4094 1903 4169 mandans
1974 4102 2056 4166 ut
2130 4092 2204 4165 in
2276 4094 2676 4169 crastinum
