3034 4900
957 370 1234 450 LIBER
1288 375 1806 452 SECUNDUS.
2394 381 2491 456 35

299 557 490 630 bene
543 559 896 632 condecet
947 556 1088 629 fari
1141 558 1328 630 loco.
1405 558 1585 630 Erat
1635 569 1973 656 preterea
2010 561 2245 633 nostri
2301 576 2485 636 tem-

300 656 505 756 poris
555 657 632 728 in
683 655 966 731 familia
1017 656 1328 755 predicti
1365 656 1709 730 coenobii
1752 657 2113 736 bubulcus
2164 661 2501 762 quidam,

301 768 508 830 ortus
575 780 666 829 ex
734 757 972 830 viculo
1040 757 1362 854 quodam
1428 757 1826 831 Viennensi
1894 758 2059 832 urbi
2125 764 2487 860 proximo,

199 922 206 931 .
300 856 602 928 nomine
671 857 1097 953 Gislardus,
1164 858 1288 953 qui
1355 857 1673 954 amplius
1725 856 2213 954 quadraginta
2264 885 2491 936 anno-

297 979 466 1028 rum
518 957 752 1028 fertur
817 956 892 1026 in
957 954 1120 1053 ipso
1194 954 1519 1028 servisse
1584 954 1773 1028 loon.
1876 956 2014 1030 Hic
2076 981 2245 1032 cum
2314 965 2487 1059 qua-

297 1055 474 1126 dam
523 1054 644 1126 die
697 1075 992 1128 summo
1057 1053 1506 1126 surrexisset
1573 1058 2046 1153 crepuscu10,
2116 1068 2199 1133 ut
2259 1059 2491 1134 boves

296 1154 575 1228 eiceret
623 1155 699 1226 in
750 1163 1044 1250 pratum
1085 1152 1281 1250 quod
1335 1165 1450 1228 est
1487 1164 1657 1227 ante
1698 1155 1943 1253 ipsum
1987 1181 2280 1230 sacrum
2330 1185 2488 1233 mo-

299 1254 711 1327 nasterium
763 1253 854 1324 ad
898 1253 1388 1349 pascendum,
1443 1254 1791 1326 continuo
1846 1279 1929 1328 se
1973 1255 2093 1328 ubi
2154 1260 2493 1355 pervenit

299 1353 376 1424 in
443 1352 766 1450 quodam
833 1353 995 1426 loco
1050 1354 1487 1426 conculcans
1540 1351 2021 1430 obdormivit:
2126 1357 2270 1446 Qui
2323 1383 2493 1432 cum

298 1463 471 1550 post
537 1452 803 1526 somnii
873 1453 1200 1550 quietem
1263 1453 1749 1552 surrexisset,
1828 1478 2129 1529 omnem
2196 1481 2491 1529 comam

297 1550 556 1650 capitis
607 1553 750 1625 hac
798 1551 1106 1625 barbam
1157 1553 1232 1625 in
1286 1553 1556 1626 eodem
1600 1556 1791 1650 loco,
1847 1555 1971 1628 ubi
2016 1553 2489 1648 obdormivit,

301 1673 476 1724 mox
507 1652 766 1748 cecidit
819 1665 900 1726 ut
933 1653 1269 1726 surrexit.
1349 1654 1527 1726 Erat
1578 1652 1777 1725 enim
1825 1655 2043 1727 valde
2074 1654 2489 1755 capillatuS,

299 1763 383 1826 ut
433 1763 772 1824 asserunt
823 1753 942 1847 qui
978 1776 1150 1825 eum
1203 1763 1374 1824 ante
1414 1751 1784 1844 viderunt,
1836 1750 1977 1822 hac
2008 1749 2315 1825 barbam
2362 1755 2488 1826 ha-

301 1849 487 1922 bens
515 1851 895 1947 prolixam.
965 1853 1257 1923 Mecum
1301 1850 1500 1923 enim
1526 1870 1661 1945 per
1699 1847 2103 1922 triennium
2126 1851 2491 1946 habitans,

303 1949 691 2047 sepissime
739 1950 1080 2047 loquelae
1125 1951 1288 2024 eius
1355 1958 1432 2021 et
1482 1948 1761 2044 aspecti
1813 1948 2117 2022 >omnino
2170 1951 2494 2026 ubertim

305 2049 572 2123 fruitus
626 2073 814 2122 sum.
924 2050 1090 2124 Alio
1141 2070 1462 2145 namque
1512 2057 1853 2146 tempore
1902 2048 2227 2122 militum
2280 2051 2495 2125 turba

303 2149 378 2222 in
469 2149 738 2222 eodem
820 2173 1044 2223 causa
1109 2147 1464 2221 orationis
1534 2161 1983 2246 convenerat
2047 2150 2233 2223 loco.
2352 2151 2495 2226 Ubi

301 2251 482 2320 dum
549 2271 811 2319 omnes
875 2249 1199 2344 quietem
1263 2246 1599 2342 corporis
1666 2246 1741 2318 in
1807 2257 2023 2319 nocte
2090 2248 2493 2348 dedissent,

303 2369 498 2419 unus
551 2369 642 2417 ex
695 2344 867 2441 inis,
920 2343 1036 2417 cui
1073 2344 1287 2441 aequi
1325 2343 1579 2418 traditi
1617 2339 1918 2418 fuerant
1953 2344 2047 2416 ad
2079 2347 2495 2422 custodien-
2526 2383 2535 2389 ·

305 2445 510 2543 dum,
545 2445 637 2518 ‘in
674 2443 1090 2544 predictum
1131 2468 1260 2519 eos
1299 2444 1573 2519 eiciens
1602 2456 1920 2544 pratum,
1954 2456 2035 2519 ut
2069 2460 2287 2545 pastu
2327 2450 2495 2521 her-

306 2545 568 2619 barum
619 2544 1000 2642 reficeret,
1055 2569 1188 2619 eos
1238 2546 1404 2618 ilico
1459 2544 1835 2616 insecutus
1886 2556 2027 2619 est.
2132 2548 2269 2621 Ubi
2324 2573 2497 2622 cum

307 2670 392 2719 se
455 2645 886 2719 inclinasset
947 2654 1025 2718 et
1086 2642 1625 2736 obdormisset,
1695 2664 1956 2715 omnes
2024 2646 2266 2743 capilli
2335 2648 2496 2723 eius

305 2770 352 2818 a
403 2745 643 2844 capite
696 2743 1183 2818 defluxerunt.
1309 2739 1619 2813 Hisdem
1669 2764 1989 2841 namque
2042 2746 2158 2818 vir
2206 2758 2288 2821 ut
2338 2770 2498 2821 sur-

305 2844 539 2939 rexit,
593 2866 768 2918 mox
820 2854 1044 2943 caput
1091 2842 1250 2914 eius
1304 2840 1758 2915 denudatum
1810 2844 2189 2941 apparuit,
2243 2846 2499 2921 lucens

303 2958 687 3042 tamquam
753 2944 915 3041 quis
985 2943 1284 3039 galeam
1349 2942 1582 3015 ferret
1648 2941 1723 3013 in
1789 2944 2029 3041 capite
2096 2945 2501 3020 micantem

303 3045 444 3117 hac
495 3046 1018 3143 perlucentem.
1135 3039 1498 3120 Continuo
1566 3040 1737 3115 sotii
1802 3042 2001 3116 illius
2054 3068 2224 3117 cum
2274 3046 2498 3119 vidis-

304 3154 475 3217 sent
545 3165 734 3239 quae
803 3151 1193 3239 evenerat,
1277 3138 1525 3214 mirati
1594 3151 1769 3214 sunt
1816 3142 2185 3219 dicentes:
2253 3144 2501 3241 Supra

303 3242 630 3315 tumbam
681 3240 984 3315 alicuius
1026 3242 1264 3315 sancti
1298 3240 1740 3314 obdormisti.
1841 3241 2231 3339 Ipse-vero
2285 3244 2501 3317 lacri-

305 3339 452 3413 mis
505 3349 702 3414 totus
747 3344 1122 3439 profusus,
1175 3362 1348 3415 cum
1381 3340 1707 3413 maximo
1750 3338 2010 3414 dolore
2056 3352 2133 3415 et
2184 3339 2499 3437 ignomi-

307 3440 430 3512 nia
483 3438 661 3513 talia
710 3440 1096 3515 videbatur
1159 3440 1432 3513 invitus
1487 3438 1879 3513 sustinere.
1995 3442 2086 3515 Et
2134 3441 2312 3539 quid
2364 3442 2501 3515 mi·

305 3562 500 3634 rum,
553 3540 616 3613 si
668 3539 742 3612 in
797 3540 1064 3613 eodem
1114 3551 1322 3614 tanta
1372 3538 1563 3612 fiunt
1611 3539 1967 3613 miracula
2001 3542 2193 3637 loco,
2245 3540 2320 3613 in
2357 3568 2501 3639 quo

305 3639 547 3712 multa
625 3640 1000 3737 quondam
1077 3642 1380 3714 fuerunt
1453 3638 1787 3711 martiria
1856 3637 2148 3713 diversa
2224 3666 2502 3737 genera

311 3738 735 3814 celebrata?
1900 3758 1917 3773 ·

945 3908 1374 3983 EXPL1c1T
1429 3864 1718 3981 'LIBER
1769 3910 1857 3981 11.

1900 4262 2004 4337 3*
