3034 4900
567 399 662 475 52
1012 399 1560 476 CHRONICON
1616 398 2320 476 NOVALICIENSE.

503 637 511 646 -
569 591 676 657 tes
722 607 893 658 suos
942 581 1234 655 tradere
1281 585 1462 672 filios
1480 640 1503 679 ,
1562 586 1635 655 in
1686 577 1944 680 tempto
1995 584 2313 670 feliciter*
2338 585 2749 682 servituros,

563 684 822 780 procul
881 682 1093 756 dubio
1158 683 1296 755 hoc
1360 685 1446 756 de
1513 687 1781 756 nos‘tris
1845 684 2005 782 filiis
2070 686 2482 770 faciendum
2546 687 2755 759 nobis

566 784 950 858 salubriter
984 782 1320 877 prebetur
1355 783 1765 877 exemplum.
1842 783 2159 882 Aequum
2204 789 2453 859 etenim
2486 786 2749 882 iudico,

570 885 896 958 Creatori
953 887 1202 955 nostro
1268 883 1354 954 de
1405 883 1609 955 nobis
1660 883 1955 957 reddere
2005 887 2342 978 fructum.
2470 886 2749 959 Idcirco

567 1008 698 1080 eqo
747 982 994 1056 Wdilo
1047 982 1232 1054 hunc
1281 981 1501 1070 filium
1554 1007 1787 1054 meum
1825 983 2276 1080 Amblulfum,
2330 1009 2489 1058 cum
2547 986 2751 1058 obla·-

567 1086 758 1158 tione
781 1107 784 1114 ·
807 1085 881 1155 in
930 1105 1154 1155 manu
1219 1087 1430 1176 atque
1477 1085 1825 1178 peticione
1896 1083 2155 1186 altaris
2196 1085 2476 1179 pallam
2524 1107 2749 1158 manu

564 1208 728 1256 mea
780 1183 1139 1277 involuta,
1213 1181 1316 1254 ad
1380 1205 1638 1255 nomen
1688 1186 1923 1256 sancti
1971 1184 2164 1258 Petri
2214 1193 2283 1258 et
2326 1189 2559 1258 sancti
2604 1185 2745 1257 An-

564 1283 784 1356 dreae
836 1289 1366 1378 ceterorumque
1407 1287 1848 1378 sanctorum,
1901 1307 2203 1379 quorum
2248 1285 2585 1381 reliquiae
2636 1285 2749 1358 hic

565 1386 1044 1475 continentur,
1123 1387 1194 1454 et
1265 1381 1390 1452 tibi
1466 1381 1809 1454 Warnari
1872 1385 2187 1477 presenti
2252 1383 2567 1480 decano,
2648 1383 2751 1458 ad

564 1485 785 1554 vicem
850 1481 1118 1554 domini
1179 1479 1478 1576 Wityari
1538 1484 1846 1576 episcopi
1906 1505 2030 1554 seu
2081 1488 2154 1554 et
2212 1483 2531 1556 Richarii
2584 1507 2747 1579 pre-

561 1583 800 1677 positi,
838 1580 1056 1653 trado
1106 1603 1358 1653 coram
1394 1581 1684 1654 testibus
1725 1582 2149 1677 reyulariter
2161 1606 2745 1680 permansurum,

563 1684 672 1753 ita
737 1688 821 1753 ut
883 1680 976 1754 ab
1027 1679 1168 1752 hac
1234 1681 1345 1753 die
1396 1705 1541 1754 non
1592 1683 1804 1754 liceat
1850 1683 1951 1755 illi
2000 1682 2259 1756 collum
2310 1682 2526 1756 desub
2576 1685 2747 1778 iuyo
2819 1702 2827 1711 ¹

566 1781 858 1877 regulae
897 1787 1276 1874 exscutere,
1329 1780 1459 1853 sed
1486 1784 1723 1876 mayis
1762 1782 2075 1856 eiusdem
2124 1783 2415 1878 reyulae
2450 1781 2749 1873 fideliter

565 1905 642 1954 se
713 1886 1106 1976 coynoscat
1189 1883 1508 1953 instituta
1574 1905 1868 1954 servare
1936 1888 2008 1954 et
2068 1883 2356 1955 domino
2424 1885 2751 1979 qratanti

569 1983 811 2054 animo
861 1979 1185 2052 militare.
1306 1981 1401 2051 Et
1465 1986 1545 2052 ut
1610 1980 1787 2054 haec
1833 1989 2091 2057 nostra
2142 1981 2435 2053 traditio
2502 1986 2745 2054 incon-

566 2079 773 2150 vulsa
817 2083 1278 2173 permaneat,
1345 2082 1685 2174 promitto
1738 2104 1899 2154 cum
1954 2080 2427 2154 iureiurando
2493 2105 2749 2155 coram

561 2177 718 2252 Deo
789 2184 855 2250 et
915 2176 1186 2273 angelis
1247 2180 1432 2274 eius,
1503 2183 1674 2278 quia
1724 2189 2089 2279 nunquam
2148 2203 2279 2276 per
2328 2204 2439 2252 me
2458 2237 2477 2274 ,
2542 2203 2745 2253 num-

566 2299 785 2376 quam
843 2302 976 2373 per
1037 2285 1445 2374 suspectam
1504 2305 1931 2377 personam,
1982 2305 2112 2354 nec
2179 2281 2481 2377 quolibet
2529 2280 2745 2354 modo

554 2401 694 2475 per
752 2401 990 2451 rerum
1057 2403 1382 2452 mearum
1439 2381 1824 2465 facultates
1890 2381 2280 2476 aliquando
2348 2379 2751 2476 eyrediendi

567 2480 655 2551 de
695 2479 1130 2549 monasterio
1167 2478 1478 2548 tribuam
1515 2481 1985 2549 occasionem.
2063 2480 2157 2547 Et
2195 2486 2278 2548 ut
2304 2480 2485 2552 haec
2503 2484 2747 2573 petitio

562 2582 775 2667 firma
820 2583 1285 2672 permaneat,
1353 2600 1577 2649 manu
1627 2600 1791 2649 mea
1842 2598 2005 2647 eam
2054 2575 2295 2648 subter
2342 2582 2645 2665 firmavi.

717 2678 831 2753 25.
886 2679 1071 2751 Cum
1137 2689 1382 2750 autem
1451 2677 1571 2762 hic
1641 2686 1891 2773 sancte
1960 2686 2035 2748 et
2084 2675 2429 2771 religiose
2500 2678 2749 2749 vivere

564 2778 640 2849 in
693 2776 1021 2873 presenti
1060 2776 1465 2850 studuisset
1507 2777 1785 2872 seculo,
1838 2788 2009 2874 post
2060 2775 2473 2873 aliquantos
2512 2801 2746 2851 annos

561 2874 926 2950 sarcinam
963 2876 1199 2946 carnis
1231 2875 1609 2973 abiiciens,
1642 2876 1956 2949 feliciter
1980 2876 2328 2971 migravit
2361 2877 2453 2949 ad
2485 2877 2745 2950 Deum.

562 2976 644 3047 In
699 2972 904 3045 cuius
955 2973 1119 3045 loco
1188 2973 1523 3071 protinus
1592 2975 1685 3047 ad
1752 2975 2161 3071 regendam
2213 2976 2749 3049 Novaliciensis

561 3074 998 3144 aecclesiam
1053 3073 1408 3145 domnum
1473 3086 1550 3147 et
1602 3086 1936 3149 sanctum
2004 3086 2549 3172 promoverunt,
2597 3077 2744 3147 fra-

562 3185 714 3248 tres
785 3172 1260 3270 Hugonem,·
1300 3174 1553 3247 Karoli
1628 3176 1877 3270 Magni
1941 3174 2193 3247 filium.
2336 3174 2447 3247 Ob
2530 3172 2745 3249 istius

563 3272 832 3372 quippe
885 3273 1220 3368 Hugonis
1285 3298 1659 3373 amorem,
1712 3274 1901 3347 sicut
1953 3298 2175 3373 supra
2226 3274 2299 3345 in
2352 3296 2487 3347 sua
2542 3274 2744 3347 obla-

561 3376 762 3449 tione
825 3372 1395 3471 descripsimus,
1463 3375 1695 3448 multa
1747 3386 1825 3448 et
1889 3372 2270 3448 carissima
2322 3387 2746 3447 sanctorum

562 3498 870 3572 corpora
923 3496 1092 3546 cum
1159 3472 1386 3545 variis
1437 3474 1761 3548 vasculis
1812 3477 2055 3549 aureis
2109 3475 2575 3571 argenteisve
2645 3472 2760 3571 ibi·

559 3586 772 3670 pater
825 3573 984 3646 eius
1033 3572 1351 3647 Karolus
1403 3574 1713 3664 largitus
1766 3586 1901 3647 est.
2005 3575 2113 3646 Ibi
2166 3598 2454 3671 quoque
2508 3586 2747 3647 cortes

557 3673 632 3743 in
687 3670 918 3769 Italia.
949 3696 1081 3745 seu
1134 3672 1207 3745 in
1259 3696 1490 3771 regno
1534 3674 1979 3745 Francorum
2032 3685 2247 3771 atque
2282 3669 2743 3770 Burgundio-

561 3795 739 3843 num
805 3770 1146 3863 tradidit,
1211 3782 1360 3843 tam
1422 3796 1558 3872 pro
1623 3772 1773 3845 filio
1848 3796 2214 3873 quamque
2276 3798 2413 3871 pro
2484 3791 2743 3842 amore

563 3871 736 3942 almi
805 3870 918 3943 sui
970 3871 1344 3967 magistri,
1377 3908 1384 3927 -·
1421 3873 1763 3946 videlicet
1812 3874 2196 3972 Frodoini,
2266 3871 2469 3943 cuius
2540 3880 2741 3943 certe

558 3970 706 4043 vita
779 3982 854 4043 et
921 3969 1260 4069 exempla
1327 3970 1654 4045 imitatus
1706 3984 1836 4046 est.
1904 3966 1911 3976 ’

707 4071 826 4145 26.
903 4069 1323 4145 Dominavit
1387 4096 1706 4170 namque
1776 4072 2147 4145 abbatiam
2204 4067 2743 4144 Novaliciensis

559 4171 711 4245 suis
774 4166 1261 4269 temporibus-
1299 4170 1476 4246 felix
1542 4173 1703 4272 ipse
1765 4170 2082 4243 feliciter
2156 4190 2245 4243 ao
2304 4170 2743 4268 prudenter!
