3034 4900
535 323 634 402 48
968 327 1519 404 CHRONICON
1572 329 2140 408 NOVALICIEN
2146 333 2277 407 SE.

531 527 710 600 villa
767 523 1081 618 Gnatis,
1161 521 1504 596 videlicet
1577 524 1897 613 famulos
1962 525 2193 623 ipsius
2259 525 2709 600 monasterii.

530 628 624 700 Et
673 628 868 698 facta
913 622 1440 695 reclamatione
1494 624 2059 721 examinataque
2114 649 2359 721 causa,
2414 627 2521 699 sic
2572 626 2709 697 dif-

531 725 741 800 finita
793 735 925 796 est.
1050 723 1225 795 Post
1275 724 1671 795 nonnullos
1740 747 1918 796 vero
1970 748 2204 798 annos
2255 725 2527 798 iterum
2596 749 2711 798 ce·

528 835 800 924 perunt
849 821 1153 921 predicti
1204 821 1546 914 homines
1596 822 1848 894 vexari
1903 836 1977 897 et
2027 823 2289 896 eadem
2342 824 2565 898 verba
2597 847 2711 896 re-

527 936 785 1022 petere
853 932 934 997 ut
999 920 1240 1018 prius,
1320 921 1689 1017 dicentes,
1771 934 2025 996 contra
2092 924 2343 1019 legem
2410 924 2711 998 omnino

529 1024 843 1096 fuissent
894 1019 1264 1118 pignorati
1315 1030 1391 1092 et
1443 1020 1745 1094 servitio
1797 1022 2025 1096 additi
2059 1023 2406 1096 humano.
2510 1025 2712 1096 Tunc

529 1123 755 1195 etiam
824 1121 1026 1192 misit
1075 1117 1547 1191 Hludowicus
1614 1144 1744 1192 rex
1796 1119 1994 1194 filius
2048 1122 2294 1197 Caroli
2344 1123 2537 1196 Boso
2588 1129 2710 1194 c'o-

528 1245 692 1295 mes
743 1244 912 1292 cum
963 1217 1116 1292 suis
1151 1217 1509 1290 iudicibus
1545 1217 1618 1289 in
1652 1218 2084 1292 Taurinensi
2134 1221 2468 1318 civitate3
2517 1222 2713 1296 inter

529 1345 717 1419 quos
771 1319 1006 1392 adfuit
1057 1315 1408 1391 Claudius
1461 1315 2383 1413 episcopus-Taurinensis
2424 1346 2467 1394 a
2503 1333 2711 1420 parte

527 1418 956 1492 monasterii
1011 1419 1179 1487 cum
1230 1412 1517 1487 duobus
1568 1415 1989 1512 monachis,
2040 1419 2463 1513 Agleranno
2517 1421 2709 1494 scili-

529 1529 646 1592 cet
675 1528 751 1590 et
781 1513 1120 1588 Richario
1160 1512 1581 1612 prepositiS‚
1634 1537 1800 1586 cum
1830 1538 1963 1586 suo
1998 1515 2419 1591 advocatus.
2507 1520 2711 1592 Tunc

525 1641 662 1716 pre
713 1614 1051 1689 manibus
1105 1613 1588 1687 ostenderunt
1627 1612 1719 1686 de
1762 1613 2089 1711 predicta
2120 1616 2294 1689 villa
2347 1617 2707 1692 iudicatos

525 1715 808 1789 Dionisi
860 1725 1080 1812 atque
1117 1712 1459 1785 Hunnoni
1492 1724 1707 1810 pater
1744 1724 1817 1786 et
1854 1713 2077 1811 filius,
2130 1715 2203 1788 in
2238 1716 2501 1813 quibus
2536 1741 2707 1790 con-

523 1814 920 1910 tinebatur,
974 1813 1290 1912 qualiter
1340 1813 1542 1910 ipsos
1592 1813 1932 1888 homines
1984 1839 2153 1887 cum
2201 1816 2377 1889 villa
2431 1817 2565 1891 sub
2602 1817 2707 1890 di-

526 1917 726 1990 tione
781 1913 1014 1988 sancti
1075 1913 1272 1986 Petri
1325 1913 1859 1987 Novaliciensis
1926 1914 2418 1990 tradidissent.
2492 1919 2711 1990 -Erat

527 2016 726 2088 enim
777 2024 952 2086 tunc
1001 2023 1215 2110 pater
1243 2012 1610 2085 Eldradus
1662 2025 1917 2110 pastor
1966 2014 2198 2111 ipsius
2250 2015 2703 2088 monasterii.

524 2114 615 2188 Et
681 2111 994 2187 convicti
1059 2122 1233 2185 sunt
1293 2111 1634 2185 homines
1684 2114 2003 2186 iamdicti
2062 2113 2333 2184 iterum
2397 2115 2471 2185 in
2532 2138 2703 2186 con-

527 2224 785 2313 spectu
820 2212 1120 2285 illorum
1159 2212 1492 2285 omnium
1542 2212 1894 2286 comitum
1936 2211 2259 2285 iudicum
2298 2225 2702 2310 cunctaque

527 2313 976 2388 convocatio.

677 2415 794 2488 19.
850 2411 1038 2485 Vixit
1077 2422 1327 2484 autem
1370 2408 1878 2483 sanctissimus
1922 2421 2135 2506 pater
2172 2413 2577 2487 Frodoinus
2630 2415 2705 2489 in

526 2512 896 2587 abbatiam
957 2512 1056 2587 43
1128 2508 1338 2582 annis
1391 2506 1550 2581 sine
1604 2508 1947 2602 crimine3
2019 2509 2282 2605 quibus
2350 2512 2704 2609 decursiS,

524 2611 873 2712 migravit
925 2636 1018 2683 ex
1068 2609 1246 2683 orbe
1299 2611 1366 2682 6.
1409 2607 1584 2679 Idus
1624 2607 1834 2702 Maii,
1886 2608 2153 2705 plenus
2206 2609 2533 2707 dierum3
2586 2635 2703 2683 or-

527 2716 821 2787 dinatus
857 2734 1036 2783 vero
1078 2710 1153 2781 in
1197 2706 1707 2805 pastoralitate
1762 2709 1829 2781 4.
1865 2707 2037 2781 Idus
2066 2708 2438 2783 Februari.
2515 2712 2705 2785 Nam

523 2815 598 2886 in
663 2820 935 2884 testum
979 2831 1297 2904 quoque
1349 2804 1953 2902 euangeliorum,
2026 2808 2221 2906 quod
2276 2810 2705 2907 Attepertus

525 2936 617 2985 ex
665 2918 1011 3008 precepto
1045 2904 1241 2977 illius
1293 2902 1739 2975 sanctissimi
1790 2905 2019 3001 patris
2073 2907 2406 3005 scripsit,
2460 2910 2533 2980 in
2586 2933 2702 2981 ca-

523 3012 675 3109 pite
737 3005 1148 3081 invenimus
1215 3027 1477 3076 versus
1544 3002 1737 3078 inter
1804 3003 1989 3077 alios
2056 3007 2509 3103 conscriptos
2561 3008 2699 3082 ita:

626 3107 906 3197 Questio
959 3106 1023 3175 si
1069 3102 1290 3175 lector
1337 3108 1591 3197 movet,
1644 3104 1797 3197 quis
1831 3102 2016 3175 hunc
2068 3104 2371 3177 condere
2422 3106 2701 3202 libram,

623 3205 968 3280 Carrm‘na
1017 3226 1313 3299 cumque
1363 3202 1560 3274 illum
1609 3202 1851 3275 saltim
1898 3206 2182 3302 nominc
2230 3211 2425 3277 nota.

619 3306 1024 3380 Frodoinus
1075 3306 1194 3399 qui
1234 3302 1514 3398 pridem
1556 3308 1816 3396 pastor
1868 3309 1937 3375 et
1980 3304 2259 3377 inclitus
2311 3329 2483 3378 eueoe

621 3407 812 3481 Nam
837 3428 976 3501 -per
1025 3404 1255 3477 decies
1289 3409 1545 3499 quater
1580 3402 1845 3475 stabuli
1881 3409 2123 3479 custos
2164 3406 2533 3501 oviumque
2573 3413 2697 3501 est,

621 3508 755 3579 His
805 3528 1019 3599 super
1071 3503 1365 3577 adiectis
1415 3504 1656 3597 ternis,
1706 3504 1856 3575 sine
1909 3505 2198 3577 crimine
2249 3509 2532 3581 mansit.

632 3604 695 3677 V
682 3628 881 3677 erum
928 3602 1324 3698 Attepertus
1371 3604 1653 3697 scripsit
1702 3602 1793 3673 ob
1844 3607 2125 3676 nomine
2178 3604 2451 3678 Christi.

671 3704 788 3778 20.
842 3703 1008 3776 Fuit
1075 3704 1274 3777 enim
1343 3702 1638 3777 hisdem
1686 3704 2114 3802 Attepertus
2165 3705 2569 3777 monachus
2622 3710 2699 3773 et

521 3804 868 3881 sacerdos
919 3802 994 3874 in
1046 3799 1194 3874 iam
1249 3826 1428 3899 sepe
1484 3802 1681 3875 dicto
1734 3804 2223 3898 monasterio,
2292 3802 2569 3877 scilicet
2618 3801 2695 3873 in

516 3901 978 4003 temporibus
1044 3899 1219 3974 almi
1283 3900 1650 3976 Frodoini.
1780 3903 1916 3977 Hic
1968 3904 2288 3976 famulus
2340 3899 2479 3973 fuit
2529 3923 2694 3998 pre-

521 4006 760 4079 dictae
816 4000 1256 4097 aecclesiae,
1327 4011 1483 4073 tam
1533 4002 1607 4074 in
1661 4002 1965 4075 scientia
2015 4003 2427 4073 litterarum
2480 4000 2696 4073 valde

517 4104 882 4199 imbutus⁷
955 4124 1320 4199 quamque
1385 4100 1459 4175 in
1529 4112 1730 4177 recta
1782 4097 2318 4196 conscriptione
2384 4100 2699 4197 scriptor
