3034 4900
877 367 880 372 -
981 312 1260 393 MBER
1313 316 1841 396 SECUNDUS,
1968 348 1975 356 ·
2402 329 2496 402 21

414 502 774 578 Montibus
821 504 1123 575 intonsis
1173 523 1454 597 cursus‘
1478 502 1793 598 ambaqe-
1838 525 2191 579 recurvos.

408 603 539 677 Ast
593 603 793 676 urbis
854 603 1160 697 populus
1223 625 1478 675 somno
1554 606 1853 699 vinoque
1890 603 2253 678 solutus.

407 703 556 776 Sed
596 711 982 800 postquam
1027 709 1354 798 surqunt,
1411 703 1777 776 ductorem
1814 705 2067 799 quique
2103 708 2490 838 requirunt,

413 805 506 878 Ut
549 811 795 900 yrates
841 805 1127 890 faciant
1174 803 1345 875 hac
1337 805 1554 888 festa
1603 802 1817 876 laude
1866 803 2252 878 salutent.
2444 837 2449 844 ·

298 903 520 976 Attila
573 923 838 999 nempe
868 906 1172 998 utraque
1223 925 1480 973 manu
1497 909 1723 995 caput
1768 903 2241 1002 amplexatur,
2294 929 2488 1002 ξρνε-

299 1005 628 1106 diturque
662 1004 988 1076 thalamo
1023 1007 1171 1094 ipse
1201 1023 1368 1092 rex5
1417 1001 1891 1074 Waltharium
1929 1003 2233 1078 dolendo
2260 1006 2485 1078 advo-

295 1111 458 1199 cat,
533 1102 616 1176 ut
655 1104 1055 1219 proprium
1094 1106 1418 1196 quereret
1460 1102 1651 1184 forte
1720 1101 2059 1176 dolorem.
2134 1107 2311 1179 Cui
2374 1130 2484 1178 re·
2499 1191 2501 1194 y

294 1203 655 1296 spondent
685 1205 822 1296 ipsi
851 1203 1174 1296 ministri,
1221 1223 1298 1272 se
1329 1223 1476 1272 non
1496 1203 1817 1293 potuisse
1854 1204 2164 1276 invenire
2206 1207 2483 1296 virum,-

291 1303 428 1375 sed
475 1309 716 1374 tamen
755 1303 1094 1397 princeps
1155 1308 1434 1396 sperat,
1505 1301 1806 1373 eundem
1869 1302 2341 1376 Waltharium
2408 1309 2483 1378 in

291 1425 564 1476 somno
617 1405 922 1498 quietum
991 1401 1336 1474 recubare
1400 1407 1665 1473 tentum
1716 1401 2094 1498 hactenus,
2166 1403 2307 1477 hac
2359 1430 2477 1478 oc-

289 1503 558 1576 cultum
605 1503 838 1576 locum
889 1501 1024 1575 sibi
1075 1500 1411 1596 deleyisse
1461 1503 1729 1594 sopori.
1812 1503 2095 1596 Ospirin
2144 1527 2315 1577 vero
2366 1530 2475 1580 re-

286 1604 500 1698 qina,
554 1602 688 1676 hoc
737 1601 838 1674 illi
887 1624 1142 1674 nomen
1193 1609 1373 1695 erat,
1421 1607 1808 1697 postquam
1860 1606 2195 1698 coqnovit
2232 1605 2475 1679 Hilde-

286 1703 526 1798 yunde
557 1702 806 1798 abesse
841 1725 970 1774 nec
1009 1707 1270 1772 vestem
1307 1701 1587 1787 deferre
1626 1705 1829 1774 iuxta
1864 1711 2139 1800 suetum
2173 1710 2469 1801 morem,

301 1805 576 1874 tristior
625 1807 932 1894 satrape
958 1803 1294 1872 inmensis
1329 1807 1650 1912 strepens
1692 1800 2201 1874 clammoribus
2252 1805 2469 1877 discit:

384 1902 502 1997 „0
552 1900 1014 1974 detestandas
1064 1897 1248 1996 quas
1295 1900 1450 1998 heri
1496 1901 1929 1994 sumpsimus
1978 1891 2227 2000 escas!

384 1958 450 2074 ⁷0
496 2003 773 2097 vinum,
824 2001 1021 2097 quod
1066 2000 1490 2074 Pannonias
1538 2001 1998 2074 destruxerat
2041 2005 2328 2076 omnes!

387 2102 592 2191 Quod
643 2102 932 2174 domino
985 2105 1136 2196 reqi
1193 2103 1343 2174 iam
1395 2101 1667 2174 dudum
1710 2104 2001 2194 prescia
2052 2102 2220 2198 dixi,
2290 2133 2295 2138 “

376 2202 756 2296 Approbat
797 2203 928 2273 iste
977 2201 1176 2315 dies,
1235 2221 1440 2295 quem
1502 2223 1641 2272 nos
1689 2225 2033 2293 superare
2080 2205 2461 2298 nequimus

378 2302 581 2373 Hen!
641 2298 850 2372 hodie
901 2301 1176 2393 imperii
1221 2300 1452 2370 nostri
1499 2297 1829 2415 cecidisse
1880 2300 2263 2394 columpna

378 2399 758 2474 Noscitur·
726 2455 751 2493 ,
820 2398 998 2473 hen!
1059 2399 1281 2473 robur
1321 2398 1585 2495 procul
1628 2399 1757 2471 ivit
1802 2405 1874 2473 et
1916 2398 2163 2473 inclita
2198 2401 2457 2545 virtuf,

388 2502 480 2574 W
471 2502 826 2575 altharius
889 2501 1012 2574 lusc
1059 2501 1480 2573 Pannoniae
1534 2500 1965 2580 discesserat
2007 2500 2216 2573 inde·
2185 2556 2210 2593 ,
2326 2514 2340 2525 ‘
2386 2526 2393 2532 ·
2440 2542 2461 2561 κ

373 2601 857 2698 Hildqundem
885 2622 1163 2698 quoque.
1192 2604 1296 2671 mi
1327 2599 1590 2671 karam
1634 2597 1929 2683 deduscit
1949 2599 2366 2694 alumpnam
2381 2601 2461 2675 {⁶⁶

370 2703 534 2773 Iam
577 2704 912 2815 princeps
963 2702 1224 2786 efferus
1277 2698 1498 2770 nimia
1548 2698 2002 2773 succenditur
2049 2702 2188 2775 ira.

373 2800 663 2872 Mutant
702 2802 1046 2894 priorem
1069 2799 1417 2872 laetitiam
1465 2801 1812 2872 merentia
1860 2800 2111 2873 corda.

373 2899 494 2973 Sic
559 2902 904 2973 intestinis
967 2924 1094 2973 rea·
1141 2892 1527 2985 fluctuatur
1576 2900 1884 2995 undique
1934 2904 2147 2993 curis,
2224 2912 2229 2915 ’

365 2999 588 3097 Atque
623 3003 782 3095 ipso
799 3002 1060 3095 quippe
1073 2998 1212 3073 die
1235 3000 1523 3086 fastidit
1544 3003 1831 3073 omnino
1850 3008 2069 3097 potus
2093 3006 2163 3074 et
2182 3022 2446 3097 escam,

364 3102 513 3174 Nec
543 3100 915 3196 placidam
959 3124 1210 3173 curam
1247 3100 1584 3173 membris
1618 3104 1875 3196 potuit·
1906 3102 2086 3175 dare
2130 3102 2443 3197 quietem.

361 3200 453 3272 At
518 3202 640 3273 ubi
687 3224 836 3272 nox
882 3204 1284 3295 supervenit
1329 3208 1523 3297 atra,

363 3298 648 3373 Decidit
691 3303 764 3371 in
813 3301 1100 3397 lectum,
1167 3302 1288 3373 ubi
1346 3325 1476 3373 nec
1542 3300 1815 3373 lumina
1866 3299 2146 3395 clausit,

373 3400 816 3497 Vertiturque'
851 3404 1253 3517 frequenter
1319 3401 1404 3473 de
1465 3400 1659 3473 latus
1723 3402 1801 3473 i‘n
1849 3400 2112 3497 latere,

365 3500 759 3597 Tamquam
806 3504 870 3573 si
917 3500 1162 3573 iacula
1225 3505 1643 3617 transfixus
1668 3507 1851 3573 esset
1899 3506 2143 3571 acuta.-

357 3599 662 3695 Indeque
713 3624 1011 3697 surqens
1065 3600 1408 3675 discurrit
1450 3604 1525 3672 in
1576 3599 1846 3692 urbem,

353 3696 576 3795 Atque
627 3700 914 3773 thorum
963 3704 1267 3793 veniens,
1325 3699 1541 3773 simul
1590 3701 1826 3794 attiqit
1862 3704 2077 3795 atque
2118 3698 2433 3795 reliquid.

358 3799 620 3873 Taliter
666 3804 1062 3873 insomnem
1111 3806 1654 3894 consumpserat
1696 3799 1915 3871 Attila
1965 3804 2297 3871 noctem.

352 3898 440 3971 At
484 3902 780 3996 profuqi
831 3903 1124 3974 comites
1162 3922 1299 3994 per
1350 3904 1591 3973 amica
1640 3899 1919 3973 silentia
1971 3905 2232 3971 euntes.

266 3998 444 4070 Tunc
495 4024 624 4073 resc
671 4008 942 4074 votum
957 4004 1156 4089 fecer
1157 4008 1266 4097 at
1333 4008 1410 4075 ut
1473 4002 1538 4075 si
1601 4004 1755 4141 quis
1819 4000 1909 4073 W
1900 3997 2285 4071 altharium
2339 3997 2437 4070 illi

261 4098 557 4172 vinctum
610 4104 927 4197 afferret,
1780 4137 1783 4145 ·
