3034 4900
1033 353 1309 428 LIBER
1369 349 1793 428 TERTIUS.
2410 353 2509 428 43

323 550 496 612 ante
549 535 1087 636 profectionem
1139 559 1388 612 escam
1453 561 1722 635 capere
1785 535 2230 633 dignaretur.
2334 534 2511 624 Qui·

327 639 468 711 bus
529 639 846 714 Karolus
913 639 1334 736 respondit.
1412 637 1611 734 Eryo
1678 639 1829 709 iam
1889 635 2180 729 plurimi
2256 635 2513 708 evoluti

327 743 491 811 sunt
541 737 726 834 dies-7
780 738 1032 834 quibus
1081 760 1214 832 eqo
1265 743 1529 810 cuncta
1594 743 1837 810 vestra
1886 735 2082 809 bona
2131 757 2291 806 cum
2338 737 2515 808 meis

328 840 402 909 in
455 837 686 910 cibum
704 795 1158 930 ⁷consumpsi.
1257 839 1352 910 At
1385 837 1490 908 illi
1523 848 2089 934 perseveranter
2114 832 2512 931 instabant,

328 947 410 1009 ut
460 937 662 1012 iussa
714 939 946 1012 sancti
997 936 1137 1009 viri
1189 936 1438 1008 facere
1490 936 1941 1030 dignaretur.
2043 935 2136 1010 Et
2192 935 2322 1007 ille
2371 933 2515 1005 Fa-

331 1039 522 1110 ciam
571 1038 866 1134 inquid,
933 1035 1128 1132 quod
1173 1034 1366 1106 iubet
1412 1033 1744 1108 dominus
1792 1059 2009 1108 meus.
2127 1034 2283 1107 Illis
2333 1055 2514 1106 vero

329 1137 882 1230 recedentibus,
955 1134 1290 1233 precepit
1341 1134 1495 1208 suis
1548 1145 1707 1210 tota
1756 1147 1973 1208 nocte
2023 1134 2374 1230 vigilare,
2442 1143 2520 1206 et

331 1237 722 1334 explorare
799 1236 1000 1308 fores
1085 1235 1555 1328 monasterii,
1646 1258 1739 1308 ne
1830 1235 1923 1307 de
2004 1233 2370 1346 qualicum
2425 1255 2521 1304 ue

332 1347 548 1449 parte
599 1335 698 1408 ibi
749 1334 992 1407 cibum
1043 1337 1164 1408 vel
1214 1344 1475 1433 potum
1510 1335 2121 1407 introduceretur.
2225 1331 2393 1407 Scie
2446 1339 2525 1404 at

333 1435 561 1534 enim,
616 1436 812 1533 quod
843 1434 1026 1508 nihil
1054 1434 1194 1508 cibi
1229 1436 1350 1507 vel
1387 1447 1611 1533 potus
1644 1435 1805 1509 sive
1848 1433 2124 1531 aliquid
2172 1432 2269 1504 ad
2300 1430 2522 1528 eden·

333 1535 512 1608 dum
563 1535 636 1608 in
687 1534 1144 1610 monasterio
1197 1534 1704 1610 remansisset.
1826 1536 2156 1608 Noverat
2203 1555 2526 1632 namque

333 1659 470 1734 per
521 1636 768 1708 omnia
815 1635 1063 1708 virum
1117 1657 1284 1707 esse
1339 1645 1698 1708 sanctum.

491 1735 609 1808 12.
662 1735 768 1806 Ea
817 1756 997 1805 vero
1049 1745 1268 1806 nocte
1301 1733 1501 1806 idem
1536 1744 1751 1832 pater
1781 1732 2257 1807 beatissimus
2291 1742 2529 1804 totam

337 1831 546 1904 duxit
593 1832 1075 1929 pervigilem,
1142 1833 1579 1945 rogavitque
1644 1832 2042 1905 Dominum
2095 1855 2262 1902 cum
2316 1829 2528 1902 lacri-

337 1931 524 2023 mis.,
599 1931 721 2028 qui
791 1930 1031 2004 servis
1104 1930 1258 2005 suis
1327 1931 1403 2004 in
1468 1929 1845 2006 montibus
1915 1942 1991 2004 et
2057 1929 2132 2001 in
2214 1928 2530 2004 desertis

338 2029 522 2104 locis
577 2053 875 2144 semper
942 2031 1244 2106 ferculis
1295 2031 1452 2106 suis
1502 2031 1925 2106 ministrare
1977 2029 2322 2126 dignatus
2388 2039 2530 2124 est,

339 2140 422 2202 ut
471 2128 612 2203 sibi
663 2130 1006 2204 misereri
1057 2129 1529 2228 dignaretur³
1595 2132 1931 2245 prebens
1970 2130 2323 2203 alimenta
2372 2151 2531 2202 mo-

339 2229 633 2324 nachiS,
691 2239 768 2300 et
819 2228 942 2323 qui
991 2228 1068 2299 in
1121 2231 1396 2302 deserti
1451 2233 1759 2326 regione
1812 2229 2134 2340 quinque
2186 2230 2387 2300 milia
2441 2251 2533 2300 ex

343 2328 666 2424 quinque
716 2323 1032 2439 panibus
1087 2337 1162 2400 et
1222 2326 1510 2400 duobus
1562 2326 1887 2425 piscibus
1946 2327 2249 2400 saciavit
2300 2327 2536 2398 homi·

345 2450 562 2523 num,
637 2426 790 2501 suis
845 2425 1128 2501 saciare
1180 2425 1614 2525 dignaretur
1664 2426 2097 2526 hospitibus.
2202 2428 2535 2524 Cumque

344 2528 464 2601 his
526 2525 978 2601 orationibus
1031 2539 1106 2600 et
1159 2528 1323 2601 aliis
1371 2527 1795 2601 huiusmodi
1842 2538 1999 2600 tota
2054 2539 2268 2601 nocte
2316 2549 2537 2639 pero-

347 2638 629 2721 rasset,
699 2625 1032 2737 repperit
1101 2650 1396 2699 summo
1460 2650 1682 2699 mane
1742 2637 1947 2699 tanta
1998 2626 2211 2723 copia
2260 2626 2412 2697 vini
2464 2635 2541 2697 et

347 2725 562 2837 panis
624 2726 699 2796 in
751 2723 1091 2818 cellariO‚
1147 2736 1416 2821 quanta
1469 2726 1863 2839 aliquando
1917 2750 2009 2798 ex
2061 2724 2317 2797 labore
2368 2747 2538 2823 pro-

350 2824 512 2923 prio
589 2822 870 2898 habere
944 2823 1204 2922 potuit.
1342 2825 1573 2898 Erant
1638 2826 1835 2898 enim
1924 2824 2169 2898 omnia
2240 2824 2541 2899 vascula

348 2922 632 2997 vinaria
704 2923 877 2995 vino
946 2923 1228 3021 optimo
1307 2926 1591 3022 repleta
1662 2933 1739 2997 et
1808 2947 2105 2998 orreum
2178 2925 2544 3022 repletum

349 3024 618 3138 ipsum.
719 3024 942 3096 Facta
996 3035 1244 3097 autem
1297 3024 1440 3119 die,
1493 3048 1876 3098 summens
1919 3048 2051 3097 rex
2088 3022 2335 3097 cibum
2375 3045 2546 3097 cum

351 3124 532 3219 suis,
585 3122 912 3197 sciscitat
962 3124 1282 3221 qualiter
1324 3126 1446 3198 vel
1499 3124 1698 3197 unde
1732 3124 1879 3199 illis
1922 3123 2167 3222 ipsum
2205 3123 2545 3196 advenis-

322 3233 469 3297 'set
498 3222 788 3293 cibum2
844 3222 975 3296 Cui
1029 3248 1197 3297 cum
1248 3235 1510 3296 cuncta
1546 3247 1683 3321 per
1719 3224 2057 3295 ordinem
2090 3224 2326 3294 relata
2364 3220 2544 3293 fuis-

355 3332 546 3417 sent,
599 3322 924 3394 amirans
957 3346 1140 3417 ergo
1176 3346 1308 3395 rex
1346 3334 1420 3395 et
1458 3324 1787 3395 clamans
1822 3322 2293 3395 sanctitatem
2328 3318 2547 3393 huius

351 3419 519 3515 viri,
572 3418 885 3491 laudans
937 3420 1175 3494 Deum
1229 3434 1304 3495 et
1355 3420 1779 3534 glorificans
1832 3421 2025 3493 abiit.

512 3517 624 3590 13.
676 3517 1122 3593 Promittens
1155 3544 1333 3616 ergo
1368 3521 1650 3594 interea
1681 3545 1811 3593 rex
1846 3528 2017 3591 ante
2048 3541 2266 3591 suum
2294 3530 2547 3630 egres-

357 3640 525 3693 sum
580 3616 678 3688 ibi
729 3620 963 3691 multa
1019 3618 1210 3694 bona
1266 3622 1541 3714 facere,
1594 3630 1901 3730 propter
1952 3617 2548 3692 ammirationem

355 3714 668 3816 predicti
721 3715 1006 3791 abbatis
1059 3732 1134 3794 et
1181 3719 1663 3791 veneratione
1718 3717 2050 3791 eiusdem
2106 3718 2244 3791 loci
2300 3729 2548 3791 coetu

359 3842 498 3915 que
566 3818 883 3889 fratrum
953 3817 1132 3889 inibi
1201 3816 1675 3930 degentium,
1747 3818 1917 3916 quia
1980 3819 2194 3892 multi
2258 3814 2549 3891 nobiles

233 3991 244 4003 ,
361 3940 582 3989 carne
634 3927 712 3989 et
762 3915 1162 3990 nobiliores
1215 3917 1362 3991 fide
1408 3917 1688 3992 scilicet
1740 3942 1829 3991 ex
1882 3919 2332 3992 Francorum
2382 3942 2550 4016 pro-

363 4017 570 4114 sapia
621 4016 722 4089 ibi
761 4016 918 4090 Deo
969 4017 1491 4092 militabantur.
1596 4019 1675 4093 Si
1703 4019 1869 4117 quis
1910 4040 2087 4091 vero
2122 4019 2551 4129 episcopum

365 4116 486 4187 vel
548 4115 893 4191 abbatem
961 4142 1098 4194 suo
1177 4120 1342 4194 loco
1415 4118 1959 4215 desiderasset,
2028 4117 2123 4191 de
2168 4116 2551 4193 monachis
