3034 4900
609 353 705 428 94
1036 306 1577 424 οιιιιοΝιεοΝ
1632 351 2330 428 NovAucfflNsn.

610 536 925 608 multum
975 533 1404 607 fidelitatem
1466 533 1571 605 illi
1642 535 1917 608 faciens
1984 536 2076 608 de
2152 536 2475 633 abbatia,
2552 536 2763 609 dimi-

612 635 708 710 sit
759 658 950 708 eum.

759 737 823 808 7.
899 735 980 806 ln
1033 746 1366 831 tempore
1438 757 1581 831 quo
1632 733 1897 806 messis
1946 734 2309 830 tunditur,
2361 735 2556 808 idem
2608 734 2767 832 ipse

612 837 980 910 Cumanus
1031 835 1417 933 episcopus
1469 833 1789 906 Bremito
1843 835 2065 931 venit,
2118 835 2527 949 invasitque
2584 836 2769 908 duos

609 937 1045 1030 monachos,
1123 947 1204 1009 ut
1280 935 1605 1008 mitteret
1666 935 1738 1007 in
1814 889 2259 1031 custodiam,
2338 938 2457 1034 qui
2521 936 2766 1032 magni

609 1049 786 1110 tunc
835 1037 1060 1134 apud
1053 1035 1305 1108 Deum
1357 1047 1432 1109 et
1482 1035 1815 1108 seculum
1866 1035 2337 1116 habebantur.
2440 1037 2521 1108 ln
2557 1047 2768 1109 nocte

603 1136 983 1239 sequenti,
1040 1136 1214 1207 dum
1267 1137 1623 1248 cogitaret
1670 1137 1811 1208 hoc
1858 1137 2104 1228 nefas,
2160 1147 2453 1210 sanctus
2512 1138 2767 1209 Petrus

612 1247 781 1310 ante
859 1247 1172 1310 stratum
1238 1236 1394 1309 eius
1463 1237 1777 1309 asistens
1843 1233 2125 1334 inquid:
2211 1236 2553 1331 Alberice,
2631 1258 2767 1331 quo

603 1343 824 1432 pacto
900 1338 1126 1407 vivere
1182 1340 1424 1429 potes,
1511 1337 1631 1431 qui
1698 1341 1903 1408 tanta
1978 1335 2177 1408 mala
2250 1338 2541 1410 iniecisti
2612 1336 2766 1409 loco

609 1461 764 1508 meo
815 1433 1364 1529 monachisque?
1411 1427 1519 1508 Ita
1574 1457 1803 1530 agens
1857 1447 1931 1508 et
1972 1435 2373 1550 ininguine
2408 1435 2771 1535 percussit

609 1559 798 1608 eum.
879 1537 1020 1624 Qui
1071 1535 1317 1608 statim
1371 1558 1679 1608 cernens
1732 1559 1939 1608 suam
1984 1536 2551 1630 internitionem,
2602 1561 2770 1610 cum

609 1636 939 1710 redditur
985 1636 1108 1708 lux
1161 1647 1382 1730 terre,
1436 1633 1939 1733 proficiscitur.
2043 1637 2317 1710 Tamen
2358 1637 2767 1736 optav1t1b1

609 1736 798 1810 mori
849 1748 925 1809 et
974 1736 1292 1835 sepeliri.
1392 1735 1541 1810 Sed
1594 1760 1865 1832 magno
1917 1737 2181 1810 timore
2232 1748 2447 1851 capti,
2500 1738 2641 1810 hoc
2675 1760 2768 1809 ne

611 1836 740 1912 fiat
766 1848 1069 1932 rogant3
1124 1837 1500 1910 enimvero
1532 1839 1595 1910 si
1624 1837 1765 1909 hoc
1795 1849 2163 1932 ageretur,
2196 1839 2343 1911 vivi
2374 1863 2417 1912 a
2450 1849 2766 1936 potesta-

609 1937 802 2010 tibus
852 1950 1090 2009 terrae
1141 1937 1335 2009 illius
1387 1937 1903 2010 detinerentur.
2021 1937 2345 2034 lpsemet
2409 1962 2586 2010 vero
2642 1960 2763 2010 ve-

609 2048 768 2110 ctus
835 2035 906 2106 in
977 2036 1280 2131 equibus
1331 2037 1729 2108 semivivus
1782 2035 1989 2126 abiit3
2056 2047 2389 2109 mortuus
2453 2037 2765 2133 denique

605 2146 748 2231 est,
783 2146 1185 2232 antequam·
1219 2135 1307 2206 ad
1341 2136 1743 2210 Cumanam
1772 2135 2182 2231 perveniret
2220 2134 2495 2208 urbem.
2572 2137 2763 2208 Dum

605 2245 998 2308 exueretur
1045 2234 1396 2332 vestibus,
1449 2234 1813 2308 saraballa
1864 2235 2023 2308 eius
2074 2234 2515 2308 stercoribus
2565 2234 2761 2306 labe-

604 2339 801 2411 facta
850 2348 1142 2434 reperta
1191 2346 1382 2408 sunt.
1485 2336 1631 2434 Ipsi
1682 2335 1803 2432 qui
1849 2334 2213 2431 viderunt7
2264 2334 2764 2409 testimonium

605 2437 1092 2538 prebuerunt,
1173 2448 1249 2510 et
1314 2437 1554 2509 adhuc
1620 2447 2054 2550 supersunt,
2135 2436 2254 2535 qui
2334 2461 2415 2510 se
2490 2435 2763 2509 vidisse

609 2537 1064 2612 confitentur.
1167 2538 1408 2610 Nam
1389 2562 1551 2635 ipse
1588 2538 1973 2649 sepissime
2014 2538 2439 2630 testabatur,
2492 2538 2707 2651 quod
2723 2561 2761 2607 a

605 2638 926 2739 quodam
989 2638 1253 2711 clerico
1321 2638 1549 2711 barba
1602 2649 1679 2710 et
1730 2638 1969 2735 capite
2018 2662 2241 2734 cano,
2307 2638 2428 2736 qui
2492 2636 2629 2711 sibi
2688 2638 2762 2709 in

607 2739 872 2813 eodem
963 2738 1268 2812 cenobio
1349 2748 1776 2837 aparuerat7
1860 2762 2251 2836 percussus
2326 2738 2459 2831 sit3
2542 2761 2763 2835 quem

603 2841 903 2912 omnino
956 2839 1430 2933 intelligimus
1483 2840 1783 2912 beatum
1832 2841 2081 2913 fuisse.
2183 2838 2465 2935 Dignus
2496 2839 2762 2937 quippe

605 2939 746 3012 fnit
790 2939 922 3013 tali
971 2950 1250 3032 morte,
1319 2939 1438 3036 qui
1501 2963 1759 3013 servos
1811 2939 1943 3011 Dei
2011 2950 2086 3013 et
2134 2940 2379 3013 locum
2429 2950 2763 3013 sanctum

608 3040 860 3112 multis
921 3038 1186 3115 affecit
1213 3037 1765 3112 calamitatibus.
2763 3082 2769 3087 -

756 3138 824 3213 8.
902 3140 1074 3213 Post
1125 3150 1438 3211 mortem
1491 3139 1709 3211 huius
1763 3116 2054 3236 quidam
2112 3138 2549 3212 Teutonicus
2610 3107 2759 3234 epi-

607 3252 990 3339 scopatum
1041 3240 1384 3337 suscepit
1438 3238 1733 3313 nomine
1765 3237 2175 3313 Litikerius
2279 3240 2413 3312 Hic
2462 3236 2763 3313 contulit

607 3340 976 3414 abbatiam
1030 3341 1297 3412 domno
1347 3340 1707 3435 Eldrado‚
1761 3339 2151 3438 reprobato
2206 3338 2543 3413 odilone>
2632 3337 2763 3411 His

606 3440 967 3514 Eldradus
1019 3440 1129 3513 vir
1181 3439 1411 3513 bonus
1461 3442 1633 3535 fuit,
1695 3441 1955 3538 plenus
2026 3441 2351 3535 dierum,
2426 3463 2761 3515 crescens

605 3542 680 3613 in
733 3552 1110 3616 senectute
1160 3539 1372 3613 bona.
1474 3541 1900 3613 Demoravit
1954 3540 2317 3614 abbatiam
2376 3566 2589 3615 suam
2640 3542 2762 3613 de·

607 3664 772 3713 cem
825 3666 1054 3714 annos
1107 3665 1274 3715 cum
1337 3641 1536 3715 omni
1602 3639 2107 3714 moderatione
2160 3664 2393 3738 aequa
2441 3643 2765 3740 paceque

606 3741 990 3836 condigna.
1095 3742 1270 3815 Post
1320 3742 1667 3815 circulum
1710 3741 2109 3814 multorum
2162 3766 2521 3815 annorum
2567 3762 2763 3811 mor·-

606 3852 774 3915 tuus
834 3853 981 3936 est,
1051 3850 1126 3913 et
1187 3843 1521 3939 sepultus
1584 3843 1658 3914 in
1712 3866 1911 3955 pace.
2015 3842 2493 3941 Temporibus
2544 3837 2764 3911 huius

609 3940 888 4015 abbatis
959 3952 1202 4014 actum
1270 3954 1383 4016 est
1449 3938 1881 4015 miraculum
1932 3943 2335 4040 quoddam.
2404 3939 2601 4036 quod
2656 3951 2763 4013 ta-

604 4065 785 4115 cere
839 4043 1202 4115 nolumus.
1326 4042 1432 4113 ln
1471 4041 1879 4116 ebdomada
1947 4054 2195 4115 sancte
2258 4063 2521 4138 pasce,
2591 4040 2766 4115 dum

609 4153 1069 4217 cantarentur
1100 4166 1432 4242 vespere,
1487 4142 1783 4243 quidam
1816 4145 2035 4215 homo
2074 4139 2275 4216 venit
2307 4142 2573 4217 surdus
2606 4165 2763 4215 mu-
