3034 4900
509 253 557 326 8
943 253 1498 330 CHRONIGON
1550 251 2261 334 NOVALICIENSE.

509 436 811 510 assidua
885 437 1044 510 Deo
1127 437 1689 537 exhi-bebatur,
1750 451 1907 514 tam
1986 431 2157 537 pro¹
2208 437 2398 520 nivis
2462 455 2703 534 quam

513 539 741 624 etiam
776 559 926 634 =pro
979 536 1363 610 defunctis.
1455 529 1512 578 ·³
1681 553 1688 561 ’
2420 557 2457 589 ··
2683 578 2693 589 »

513 667 548 693 ι,
637 637 758 708 ·:2.·-
790 637 1042 733 Neque
1079 637 1221 708 hoc
1253 637 1567 710 silencio
1612 636 2188 736 pretereundum
2239 649 2449 736 puto,
2491 633 2703 734 =quod

516 731 942 808 sanctisimi.
977 737 1210 834 ipsius
1261 738 1707 812 venerabilis
1750 737 2086 812 coenobii
2126 737 2435 810 abbates
2470 757 2703 834 quon-

518 836 692 907 dam
739 834 916 908 -suis
953 837 1436 934 ··temporibus
1503 850 1909 912 statuentes
1979 847 2440 911 sancxerunt.
2556 838 2701 908 Au-

521 935 669 1007 divi
742 933 1018 1034 enim,·
1060 932 1374 1011 Domino
1449 950 1645 1013 teste
1713 959 1859 1012 non
1929 938 2294 1034 mencior,
2348 935 2703 1037 quodam

517 1043 670 1108 tem
729 1057 866 1108 ore·
905 1035 1217 1109 cuidam
1272 1039 1431 1111 seni
1481 1040 1798 1135 referre,
1868 1039 2061 1136 quod
2130 1035 2447 1134 antiquis
2515 1045 2703 1106 tem·

518 1061 844 1234 poril’ma
875 1136 968 1207 ab
1017 1137 1356 1236 eiusdem
1421 1139 1782 1212 ecclesiae
1844 1137 2235 1214 abbatibus
2301 1134 2704 1235 proibitum

513 1237 618 1309 'sit
674 1231 778 1308 ibi
857 1230 1237 1336 accessum
1308 1240 1821 1310 foeminarum.
1948 1240 2141 1310 Ante
2216 1257 2395 1310 vero
2474 1234 2705 1334 ipsius

521 1335 707 1407 sacri
783 1337 1110 1432 cenobii,
1181 1347 1471 1411 tantum
1536 1348 1891 1435 quantum
1966 1346 2207 1433 potest
2236 1335 2511 1436 'hictus
2566 1331 2707 1406 iaci

519 1433 836 1530 sagitte,
871 1447 1034 1509 erat
1085 1435 1396 1512 eeclesia
1446 1437 1523 1508 in
1574 1429 1859 1510 h'onore
1906 1434 2333 1509 beatissime
2368 1435 2509 1506 hac
2546 1433 2708 1527 glo·

519 1533 932 1616 riesissime
979 1529 1288 1632 virginis
1327 1537 1604 1610 Mariae
1658 1535 2039 1636 fabricata,
2088 1535 2225 1610 sub
2278 1557 2419 1630 qua
2472 1531 2707 1631 carpi·

521 1645 644 1707 tur
677 1634 840 1708 avia
902 1655 1045 1732 qua
1114 1633 1543 1735 pervenitur
1620 1637 1715 1709 ad
1798 1636 2211 1744 predictum
2290 1632 2705 1706 cenobium.

522 1735 1032 1831 qutafigitur
1101 1737 1314 1812 istius
1385 1738 1695 1811 ecclesie
1770 1737 1913 1810 fuit
1976 1735 2341 1834 quaedam
2414 1734 2707 1826 domne,

522 1835 598 1907 in
670 1856 812 1932 qua
879 1836 1440 1934 hospitabantur
1505 1860 1766 1911 omnes
1819 1836 2143 1909 feminae
2193 1857 2379 1932 quae
2434 1833 2525 1906 ad
2580 1831 2709 1904 ad·

526 1936 888 2014 orandum
928 1933 1167 2034 Deum
1209 1939 1310 2010 ibi
1352 1936 1747 2010 veniebant
1780 1947 1855 2010 et
1884 1936 2149 2009 merita
2182 1931 2480 2008 illorum
2532 1954 2707 2029 apo·

524 2033 923 2128 stolorum,
1003 2036 1289 2112 nobiles
1341 2037 1462 2108 vel
1527 2036 1893 2132 ignobiles
1965 2059 2272 2134 queque.
2385 2033 2707 2127 Eratque

525 2154 700 2205 crux
723 2130 844 2205 ibi
874 2135 1030 2207 Deo
1062 2149 1353 2209 sacrata
1385 2137 1588 2208 iuxta
1624 2136 1849 2234 viam,
1903 2158 2118 2208 muro
2164 2144 2239 2207 et
2269 2133 2472 2205 calce⁴
2510 2155 2709 2204 com·

521 2231 787 2331 posita,
842 2257 983 2331 que
1035 2236 1276 2310 adhuc
1326 2237 1398 2308 in
1453 2235 1843 2308 odiernum
1892 2246 2286 2334 permanet
2338 2233 2579 2327 diem,
2614 2229 2709 2304 -.in

524 2357 706 2430 qua,
777 2345 858 2407 ut
909 2334 1205 2433 opinor,
1277 2347 1487 2409 erant
1539 2337 1876 2433 preciose
1940 2335 2249 2430 reliquie
2314 2333 2709 2424 collocate3

526 2456 747 2529 quam
801 2435 1001 2507 nulla
1055 2436 1500 2509 feminarum
1568 2436 1765 2509 ultra
1816 2433 2149 2506 eandem
2216 2430 2534 2503 audebat
2588 2429 2711 2503 vel

527 2534 902 2633 quippiam
955 2538 1340 2635 progredi,
1394 2548 1474 2611 ut
1511 2536 1619 2610 'ad
1673 2534 2043 2609 seniorem
2096 2530 2487 2630 aliquando
2544 2552 2709 2627 per·

525 2636 814 2710 veniret
862 2638 1439 2731 monasterium3
1496 2636 1663 2735 quia
1710 2648 1795 2709 ut
1843 2636 2078 2709 fertur
2119 2633 2285 2705 ideo
2333 2631 2431 2703 ibi
2486 2652 2713 2728 appo-

526 2735 883 2835 sitaffuit.
987 2738 1175 2809 Nam
1223 2738 1286 2811 si
1339 2732 1797 2833 contigisset,
1850 2746 1949 2809 ut·
1982 2736 2225 2833 aliqua
2281 2730 2429 2805 hob
2483 2730 2713 2828 quali-

531 2855 846 2933 cumque
911 2838 1334 2910 temeritate
1403 2838 1629 2909 vellet
1696 2847 2050 2908 statutum
2102 2833 2500 2908 terminum
2553 2829 2713 2902 irri-

531 2946 734 3031 tare,
773 2935 1119 3009 continuo
1174 2946 1302 3008 aut
1350 2959 1520 3008 cum
1569 2933 1971 3031 ignominia
2002 2946 2155 3015 ‚aut
2204 2956 2373 3004 oum
2404 2930 2716 3003 infirmi·

533 3044 690 3108 tate
737 3034 964 3106 nimia
1023 3035 1560 3130 revertebatur,
1615 3047 1739 3110 aut
1796 3047 2117 3109 mortem
2154 3030 2716 3129 corporisilico

527 3133 968 3233 patiebatur.
1071 3135 1400 3209 Tradunt
1443 3145 1693 3209 autem
1736 3134 2091 3227 nonnulli,
2146 3132 2267 3230 qui
2321 3131 2479 3206 eius
2533 3130 2715 3204 anti-

527 3233 886 3331 quitatem
937 3235 1060 3308 vel
1112 3246 1356 3311 actum
1409 3234 1775 3330 legerunt,
1826 3234 2023 3331 quod
2074 3233 2173 3305 ibi
2214 3231 2391 3306 olim
2419 3234 2715 3329 reperta

528 3334 625 3432 sit
676 3334 818 3409 ista
870 3336 1322 3411 constituciO.
1425 3336 1615 3407 Nam
1667 3332 1807 3433 ipsi
1862 3332 2202 3407 monachi
2261 3331 2715 3424 hoc'decre·

475 3445 687 3543 ·tum
746 3436 838 3509 ab
903 3435 1065 3535 ipso
1145 3460 1323 3511 suae
1402 3433 1886 3521 fundationis*
1924 3435 2044 3509 die
2112 3430 2510 3529 usquead
2588 3428 2713 3541 def

529 3538 1020 3610 struccionem
1062 3535 1293 3637 ipsius
1340 3535 1479 3609 loci
1517 3534 1887 3629 ultimam,
1940 3558 2163 3632 quam
2202 3536 2539 3613 fecerunt
2572 3530 2713 3625 ipsi

529 3634 918 3709 Sarraceni
973 3638 1094 3732 qui
1149 3639 1242 3711 de
1292 3637 1720 3711 Fra-xenedo
1774 3632 2136 3731 exierunt,
2200 3628 2717 3707 inviolabiliter

530 3746 632 3835 et,
666 3734 1103 3809 inconcusse
1172 3750 1585 3811 tenuerunt.
1712 3736 1823 3809 De
1890 3760 2033 3835 qua
2087 3731 2713 3809 nonnulli·exem·'

529 3836 738 3933 plum
790 3848 1197 3932 sumenteS,
1232 3836 1635 3909 ‘observari
1675 3836 2065 3931 dicuntur,
2090 3826 2717 3931 quemadmodum

529 3935 668 4033 ipsi
733 3959 969 4050 nuper
1035 3935 1571 4032 observabant,
1650 3937 1877 4009 veluti
1952 3937 2173 4011 hodie
2242 3928 2519 4001 faciunt
2586 3925 2716 3999 ali·

529 4037 898 4133 quantuli,
965 4046 1042 4110 et
1106 4035 1247 4136 ipsi
1314 4036 1531 4123 valde
1598 4036 1965 4135 perpauci.
2085 4033 2258 4113 Erat
2308 4028 2507 4103 enim
2558 4028 2718 4129 ipse
