3034 4900
605 361 704 433 96
1054 355 1598 430 CHRONICON
1650 356 2345 434 NOVALlClENSE.

605 563 822 640 pape,
877 551 949 612 et
999 538 1199 613 dedit
1251 538 1316 610 ei
1363 541 2007 614 consecrationem.
2114 544 2273 631 Quo
2310 543 2556 618 audito
2588 546 2759 620 Bre-

603 639 958 714 metensis
1025 639 1251 711 abbas
1318 663 1545 734 grave
1616 641 2189 738 pertulityabiit
2252 645 2343 716 ad
2408 644 2760 720 domnum

603 765 896 840 papam,
947 740 1191 814 retulit
1239 763 1371 836 per
1422 739 1779 838 ordinem,
1834 745 2197 838 quomodo
2236 757 2486 818 contra
2522 746 2758 820 Deum

605 854 680 914 et
732 841 1059 915 ordinem
1111 865 1327 912 suum
1366 853 1719 935 gesserat.
1822 843 2021 916 Tunc
2060 844 2371 918 domnus
2407 871 2597 944 papa
2642 872 2759 920 co-

603 943 808 1039 gnita
859 939 1191 1036 veritate,
1248 941 1416 1014 dato
1455 943 1919 1016 anathemate
1972 943 2217 1040 iussit⁷
2290 955 2370 1017 ut
2438 971 2570 1018 nec
2632 946 2755 1017 ab·

601 1042 736 1116 bas
785 1041 996 1114 fieret
1048 1051 1124 1114 et
1174 1039 1246 1113 in
1298 1041 1707 1114 iussionem·
1750 1043 1861 1116 sui
1906 1044 2231 1141 patronis
2274 1047 2584 1141 rediret3
2636 1047 2755 1118 de-

603 1143 851 1240 ditque
904 1141 1297 1234 licentiam,
1351 1153 1428 1215 ut
1461 1143 1893 1241 quicumque
1931 1145 2153 1218 vellet
2184 1145 2529 1219 adiuvare
2561 1170 2758 1243 eum,

601 1267 694 1316 ex
745 1269 878 1316 suo
933 1241 1268 1341 deposito
1322 1241 1629 1316 liberam
1679 1242 1985 1317 haberet
2037 1245 2457 1320 facultatem
2514 1260 2584 1321 et
2638 1248 2758 1320 be-

601 1343 1112 1416 nedictionem.
1217 1344 1367 1414 Nec
1417 1366 1649 1436 mora.
1704 1342 1928 1416 abbas
1984 1346 2301 1440 perrexit
2350 1347 2439 1417 ad
2482 1349 2758 1444 Magiu-

600 1443 932 1536 tredum.,
1005 1440 1208 1538 petiit
1273 1440 1847 1514 misericordiam
1900 1441 1990 1514 de
2042 1468 2173 1516 suo
2228 1445 2607 1543 oberrato,
2680 1460 2761 1522 ut

599 1565 735 1640 per
783 1540 1150 1614 licentiam
1205 1564 1416 1637 pape,
1468 1541 1530 1613 si
1584 1553 1857 1638 posset,
1922 1565 2091 1614 eum
2143 1569 2599 1642 quocumque
2650 1547 2756 1618 in-

599 1640 818 1738 genio
853 1651 1162 1738 caperet.
1265 1640 1567 1715 Interim
1594 1640 2098 1737 Maginfredus
2152 1657 2489 1742 preparat
2541 1669 2622 1719 se
2668 1645 2759 1718 ad

596 1742 1032 1841 capiendum
1079 1740 1516 1836 Leviathan3
1585 1741 1855 1840 incepit
1906 1755 1979 1817 et
2031 1745 2351 1841 perfecit.
2453 1745 2761 1845 Insuper

601 1842 940 1916 omnibus
991 1842 1232 1915 modis
1283 1842 1549 1915 iuravit
1596 1845 1699 1916 ita
1748 1842 2091 1916 dicendo:
2156 1843 2311 1940 Eyo
2368 1844 2570 1918 Oddo
2608 1871 2756 1919 mo-

597 1943 872 2017 nachus
934 1942 1176 2014 dicbus
1225 1944 1412 2014 vitae
1461 1967 1665 2016 meae
1717 1943 2021 2036 amplius
2062 1943 2579 2018 Bremetensem
2630 1947 2753 2019 ab-

601 2044 872 2117 batiam
907 2065 1049 2114 non
1093 2043 1463 2136 accipiam,
1515 2066 1735 2137 neque
1766 2046 1918 2116 sine
1951 2044 2298 2117 licentiam
2341 2045 2579 2119 domni
2623 2049 2757 2118 mei

599 2141 990 2229 Gottefredi
1057 2141 1340 2214 abbatis
1403 2142 1771 2215 abbatiam
1832 2166 1958 2216 nec
2012 2146 2414 2238 prioratum
2462 2145 2748 2217 habebo.

598 2244 721 2318 Sic
773 2240 1462 2335 callideliberatus.
1513 2244 1781 2317 oblitus
1834 2256 2375 2319 sacramentum
2426 2258 2498 2319 et
2534 2269 2749 2318 omne

597 2343 1170 2438 firmamentum,
1225 2343 1315 2414 ad
1345 2343 1668 2442 priorem
1705 2344 2014 2418 recursit
2051 2344 2416 2420 delictum.
2518 2347 2625 2420 lta
2673 2369 2752 2418 se

597 2444 878 2543 habuit,
933 2442 1246 2517 domnus
1296 2442 1699 2543 imperator
1734 2443 2110 2520 Heinricus
2164 2445 2395 2520 donec
2444 2470 2753 2542 regnum

595 2546 819 2620 venit.
921 2543 1248 2639 Cognitis
1303 2544 1640 2619 omnibus
1693 2544 1849 2619 eius
1904 2546 2274 2643 nequiciis,
2327 2548 2599 2619 cunctis
2649 2546 2752 2618 vi-

599 2644 938 2720 dentibus
991 2644 1354 2744 episcopis
1405 2646 1528 2744 qui
1580 2645 1907 2745 aderant,
1962 2646 2470 2721 detestabilem
2514 2670 2750 2719 sarra—

595 2746 873 2819 baitam
926 2746 1151 2843 cepit,
1221 2746 1558 2819 baculum
1610 2746 1869 2843 fregit,
1942 2759 2156 2845 atque
2210 2746 2607 2845 superbum
2660 2747 2751 2817 de

600 2847 778 2920 sede
831 2846 1198 2943 deposuit3
1251 2846 1550 2944 insuper
1602 2860 1681 2921 ut
1731 2872 2097 2943 nunquam
2134 2848 2225 2921 de
2272 2849 2587 2921 claustro
2630 2871 2750 2919 ex-

595 2946 761 3041 iret,
813 2944 1119 3017 firmiter
1170 2945 1514 3042 precepit.
1618 2947 1771 3019 Nec
1818 2949 2156 3043 multum,
2210 2972 2375 3021 cum
2408 2948 2751 3021 fratribus

593 3068 1062 3145 permanenS,
1114 3044 1304 3117 inter
1353 3068 1483 3118 eos
1537 3043 1976 3117 discordiam
2028 3071 2328 3143 ponens.
2430 3048 2589 3119 Hoc
2630 3047 2750 3121 ab-

597 3146 730 3219 has
768 3145 970 3241 vidit,
1023 3144 1232 3217 illum
1284 3144 1679 3218 abscedere
1730 3145 1986 3219 maluit
2036 3170 2255 3244 quam
2307 3158 2537 3219 totam
2584 3148 2749 3221 co'n-

597 3246 1104 3345 gregationem
1137 3244 1208 3317 in
1245 3244 1703 3344 precipitium
1735 3245 2079 3321 mitteret.
2180 3247 2397 3321 Dedit
2431 3250 2494 3320 ei
2528 3272 2753 3321 unum

595 3347 1040 3448 prioratum,
1105 3358 1185 3420 ut
1248 3347 1368 3419 vel
1419 3348 1560 3419 hoc
1619 3345 1987 3421 sufficiens
2060 3347 2487 3446 quiesceret.
2592 3350 2749 3438 Quo

595 3460 892 3547 accepto
947 3471 1082 3519 nec
1131 3447 1425 3545 quievit.
1479 3446 1607 3519 sed
1665 3447 1953 3545 quiquid
1993 3448 2066 3521 in
2110 3450 2421 3522 aeclesia
2452 3449 2749 3543 invenit,

595 3548 848 3645 libroS,
900 3547 1162 3621 calices
1195 3570 1590 3642 crucesque
1622 3558 1839 3643 atque
1868 3550 2295 3623 thesaurum
2326 3591 2422 3603 —-
2453 3550 2544 3621 de
2581 3550 2749 3622 vino

596 3659 674 3721 et
727 3672 914 3745 pane
965 3672 1112 3720 non
1164 3660 1281 3722 est
1325 3670 1672 3719 numerus
1709 3686 1797 3699 —-
1832 3649 2077 3721 omnia
2127 3649 2477 3746 vendidit,
2529 3648 2749 3721 maxi-

595 3773 795 3821 mam
847 3746 1232 3845 pecuniam
1286 3748 1485 3844 fecit,
1536 3747 1777 3821 Alrico
1830 3747 2174 3848 episcopo
2212 3750 2503 3825 Astensi
2554 3742 2753 3817 dedit

595 3874 732 3947 pro
769 3871 910 3921 una
939 3846 1252 3920 abbatia.
1355 3848 1479 3922 Sic
1509 3872 1629 3922 res
1663 3850 2087 3946 permansit.
2184 3849 2473 3939 Quievit
2502 3844 2749 3915 viven-

595 3948 790 4023 tibus
841 3945 1225 4021 abbatibus
1276 3947 1436 4021 istis
1491 3950 1827 4045 Gezone,
1890 3950 2358 4039 Gottefredo‚
2416 3944 2751 4040 Odilone,

593 4048 938 4125 Aldrado.
1034 4048 1306 4122 Ultimo
1357 4059 1681 4147 mortuo,
1752 4050 1929 4123 abiit
1980 4045 2750 4145 Cumensem‘episco-

593 4174 770 4250 pum
807 4148 1384 4246 Leuticherium3
1440 4150 1667 4249 dedit,
1705 4150 2063 4247 promisit,
2090 4144 2551 4222 iureiurando
2584 4171 2748 4245 spo-
