3034 4900
773 384 780 391 ·
905 354 1190 433 LIBER
1245 334 1763 434 ssscnmnus.
2346 367 2443 442 19

343 541 524 638 Reqi
573 565 666 614 ac
688 543 1042 638 reqinae,
1093 542 1452 636 satrapis,
1505 539 1806 615 ducibus
1852 545 2303 646 famulisque,

346 640 568 739 Atque
635 645 831 718 omni
879 643 1160 737 inqenio
1208 647 1386 758 potu
1433 641 1731 737 sepelire
1778 643 2100 740 studebo,

246 741 352 816 ita
403 749 486 814 ut
529 743 766 816 nullus·
813 744 1143 850 supersit,
1197 744 1318 839 qui
1365 743 1558 815 sciat
1600 743 1713 815 vel
1759 753 2271 844 recoqnoscatg·
2307 773 2437 824 cur

247 841 360 915 vel
405 843 510 915 ob
550 865 772 939 quam
820 865 1127 917 causam
1175 844 1452 929 factum
1501 845 1600 916 sit
1644 843 1789 916 tale
1838 847 2255 930 convivium.
2348 851 2438 924 Te

247 948 488 1016 tamen
570 967 956 1038 premonco
1031 942 1483 1014 mediocriter
1560 944 1799 1016 vinum
1864 952 2100 1044 utere,
2168 955 2252 1022 ut
2319 952 2439 1022 vix

247 1044 436 1116 sitim
487 1047 868 1140 extinquas
917 1041 1022 1113 ad
1069 1063 1416 1113 mensam.
1517 1041 1795 1139 Reliqui
1844 1067 2012 1118 vero
2064 1071 2227 1128 cum
2276 1073 2435 1124 sur·

247 1145 597 1238 rexerunt,
649 1151 728 1215 tu
779 1142 942 1214 ilico
993 1139 1100 1213 ad
1145 1146 1322 1212 nota
1372 1163 1663 1214 recurre
1715 1146 2115 1236 opuscula.
2150 1148 2275 1221 At
2318 1151 2441 1223 ubi
2570 1241 2579 1248 ,

241 1249 457 1337 potus
507 1241 842 1316 violentia
891 1242 1340 1336 superaverit
1393 1247 1711 1336 cunctos‘,

354 1343 549 1414 Tunc
597 1341 810 1416 simul
857 1341 1202 1414 occiduas
1261 1363 1730 1436 properemus
1778 1365 2075 1439 querere
2113 1353 2385 1443 partes.
2392 1349 2443 1390 ‘⁶

358 1442 568 1538 Virqo
619 1463 786 1515 vero
839 1441 1034 1516 dicta
1085 1443 1222 1554 viri
1251 1440 1460 1514 valde
1497 1453 1775 1514 memor
1800 1451 2195 1556 praecepta
2246 1469 2437 1522 com-

1342 1541 1595 1635 plevit.
1683 1542 1784 1614 Et
1830 1567 1985 1617 ecce

346 1641 688 1730 Prefinita
740 1640 890 1714 dies
940 1640 1316 1757 epularum
1365 1643 1589 1737 venit,
1669 1647 1741 1714 et
1786 1643 1937 1735 ipse

363 1741 803 1815 Waltharius
853 1742 973 1836 qui
1018 1742 1308 1855 maqnis
1355 1742 1697 1813 instmoeit
1738 1743 2134 1838 sumptibus
2182 1771 2412 1821 escas.
2522 1830 2531 1836 ,

247 1841 574 1914 Luxuria
641 1840 940 1934 denique
989 1841 1082 1910 in
1163 1839 1404 1912 media
1469 1839 1839 1910 residebat
1892 1865 2161 1914 mensa.
2290 1847 2443 1918 Rex

247 1942 490 2037 itaque
519 1940 915 2036 inqreditur
965 1937 1238 2033 aulam,
1291 1937 1460 2010 velis
1498 1937 1809 2034 undique
1856 1947 2176 2036 septam,
2228 1944 2442 2019 heros

247 2041 488 2137 itaque
537 2040 768 2114 solito.
799 2061 1001 2112 more
1047 2039 1384 2112 salutans
1431 2061 1640 2134 quem
1688 2042 2231 2135 maqnanimus,

347 2140 686 2215 Duxerat
721 2139 824 2212 ad
859 2139 1114 2216 solium
1131 2195 1154 2234 ,
1189 2161 1398 2235 quem
1432 2139 1664 2211 bissus
1708 2143 2009 2234 compsit
2046 2149 2121 2213 et
2149 2151 2439 2220 ostrum.

356 2237 731 2332 Conseditg
780 2238 1124 2333 laterique
1155 2238 1394 2316 'duces
1441 2236 1605 2309 hinc
1652 2238 1951 2333 indeque
2002 2240 2209 2314 binos

350 2338 692 2412 Ass-edere
744 2337 938 2409 iubet
948 2361 978 2428 ‚-
1029 2335 1342 2433 reliquos
1390 2334 1593 2408 locat
1636 2336 1786 2430 ipse
1836 2338 2157 2410 minister

355 2440 698 2513 Centenos
745 2436 960 2512 simul
1007 2436 1397 2531 accubitus,
1451 2441 1524 2509 et
1570 2435 1897 2511 diversas
1934 2436 2163 2534 dapes
2211 2440 2447 2516 libans

1354 2538 1683 2609 convivia
1734 2537 2111 2611 redundat.
2144 2550 2147 2557 '

351 2641 488 2715 His
535 2639 840 2713 sublatis
891 2636 1032 2708 alie
1082 2635 1492 2720 referuntur
1540 2632 1845 2730 edende,

352 2740 452 2811 Et
491 2738 978 2833 piqmentatos
1041 2740 1362 2807 crateres
1410 2733 1708 2807 Bachus
1757 2734 2095 2807 adornat.

370 2838 812 2911 Waltharius
859 2839 1156 2909 cunctos
1207 2833 1311 2908 ad
1357 2835 1598 2906 vinum
1647 2840 1937 2909 ortatur
1986 2841 2055 2910 et
2102 2856 2365 2907 escam.

352 2936 750 3034 Postquam
773 2934 1110 3034 depulsa
1093 2936 1331 3021 fames
1351 2935 1603 3020 fuerat
1610 2940 1837 3031 atque
1860 2935 2152 3009 sublata
2170 2956 2445 3030 mensa,

368 3038 807 3111 Waltharius
873 3027 1255 3108 iamdictus
1321 3034 1685 3109 dominum
1736 3034 2041 3109 letanter
2087 3034 2450 3109 adhorsus

355 3139 595 3211 Dixit:
645 3138 782 3233 „In
830 3136 990 3223 hoc
1019 3137 1280 3230 roqito
1305 3137 1555 3230 qratia
1606 3142 1847 3208 vestra
1898 3142 1978 3208 ut
2028 3136 2392 3209 clarescat

307 3267 312 3275 ·
354 3238 442 3309 In
484 3239 775 3333 primis,
850 3241 1059 3331 atque
1113 3258 1241 3308 vos
1291 3234 1601 3331 reliquos
1651 3234 2111 3323 laetificetisss

361 3336 494 3426 Qui
541 3336 757 3409 simul
803 3338 878 3408 in
923 3334 1142 3408 verbo
1191 3358 1517 3429 nappam
1571 3334 1769 3407 dedit
1816 3340 1975 3407 arte
2015 3321 2425 3428 peractam,

361 3437 653 3509 Gestam
697 3438 1112 3553 referentem
1151 3437 1480 3549 priorum
1524 3433 1848 3507 ordinem
1874 3433 2235 3507 scultare
2200 3433 2452 3528 ipsius.

363 3534 598 3625 Quam
665 3559 796 3610 rex
845 3537 1203 3631 accipiens
1255 3558 1400 3608 uno
1476 3540 1691 3607 austu
1742 3538 2203 3605 vacuaverat.

356 3635 456 3708 Et
525 3638 900 3723 confestim
961 3636 1158 3708 iubet
1211 3635 1638 3805 νοῑίᾳῖιῗιιιιῖι.
1606 3655 1851 3705 omnes
1874 3632 2073 3705 tali
2126 3617 2453 3706 bibitione

1366 3759 1390 3805 i
1572 3734 1656 3804 ri.

323 3904 328 3909 .
363 3836 554 3909 Tunc
587 3836 921 3911 citissime
955 3839 1377 3907 accurrunt
1390 3836 1729 3929 pincerne
1781 3839 1993 3929 atque
2032 3837 2454 3905 recurrunt:

355 3936 630 4010 Pocula
691 3936 896 4033 plene
947 3933 1261 4029 dabant,
1331 3941 1402 4008 et
1448 3935 1701 4007 inania
1752 3933 2301 4028 suscipiaebant.

359 4035 694 4111 Ebrietas
761 4041 1044 4124 fervens
1109 4040 1270 4108 tota
1319 4034 1739 4108 dominatur
1790 4033 1986 4106 aula.

360 4134 688 4258 Balbutit
749 4137 1049 4212 madido
1099 4134 1456 4221 facundia
1503 4137 1678 4222 fusa
1721 4133 2000 4227 palato.

1783 4252 1827 4325 2
1848 4252 1889 4296 *
