<?xml version="1.0" encoding="UTF-8"?>
<!DOCTYPE html PUBLIC "-//W3C//DTD XHTML 1.0 Transitional//EN"
    "http://www.w3.org/TR/xhtml1/DTD/xhtml1-transitional.dtd">
<html xmlns="http://www.w3.org/1999/xhtml" xml:lang="en" lang="en">
 <head>
  <title>
</title>
<meta http-equiv="Content-Type" content="text/html;charset=utf-8" />
  <meta name='ocr-system' content='tesseract 3.04.00' />
  <meta name='ocr-capabilities' content='ocr_page ocr_carea ocr_par ocr_line ocrx_word'/>
</head>
<body>
  <div class='ocr_page' id='page_1' title='image "./chroniconnovali00unkngoog_0059.png"; bbox 0 0 3034 4900; ppageno 0'>
   <div class='ocr_carea' id='block_1_1' title="bbox 1039 355 2505 434">
    <p class='ocr_par' dir='ltr' id='par_1_1' title="bbox 1039 355 2505 434">
     <span class='ocr_line' id='line_1_1' title="bbox 1039 355 2505 434; baseline 0.005 -7"><span class='ocrx_word' id='word_1_1' title='bbox 1039 355 1315 430; x_wconf 84' lang='lat' dir='ltr'>LIBER</span> <span class='ocrx_word' id='word_1_2' title='bbox 1367 355 1791 430; x_wconf 84' lang='lat' dir='ltr'><strong>TERTIUS.</strong></span> <span class='ocrx_word' id='word_1_3' title='bbox 2407 361 2505 434; x_wconf 79' lang='lat'>45</span> 
     </span>
    </p>
   </div>
   <div class='ocr_carea' id='block_1_2' title="bbox 302 535 2591 4219">
    <p class='ocr_par' dir='ltr' id='par_1_2' title="bbox 302 535 2591 4219">
     <span class='ocr_line' id='line_1_2' title="bbox 321 535 2507 640; baseline 0.001 -26"><span class='ocrx_word' id='word_1_4' title='bbox 321 535 466 640; x_wconf 75' lang='lat' dir='ltr'>que</span> <span class='ocrx_word' id='word_1_5' title='bbox 519 551 820 614; x_wconf 85' lang='lat' dir='ltr'>cunctas</span> <span class='ocrx_word' id='word_1_6' title='bbox 871 538 1096 612; x_wconf 88' lang='lat' dir='ltr'>urbes</span> <span class='ocrx_word' id='word_1_7' title='bbox 1148 548 1226 612; x_wconf 88' lang='lat' dir='ltr'>et</span> <span class='ocrx_word' id='word_1_8' title='bbox 1275 547 1516 613; x_wconf 87' lang='lat' dir='ltr'>castra</span> <span class='ocrx_word' id='word_1_9' title='bbox 1571 539 1936 612; x_wconf 85' lang='lat' dir='ltr'>universa.</span> <span class='ocrx_word' id='word_1_10' title='bbox 2038 539 2371 639; x_wconf 83' lang='lat' dir='ltr'><strong>Cumque</strong></span> <span class='ocrx_word' id='word_1_11' title='bbox 2410 543 2507 616; x_wconf 89' lang='lat' dir='ltr'>ad</span> 
     </span>
     <span class='ocr_line' id='line_1_3' title="bbox 321 638 2504 740; baseline 0.001 -27"><span class='ocrx_word' id='word_1_12' title='bbox 321 639 623 740; x_wconf 85' lang='lat' dir='ltr'>Papiam</span> <span class='ocrx_word' id='word_1_13' title='bbox 674 639 1030 735; x_wconf 87' lang='lat' dir='ltr'>venisset,</span> <span class='ocrx_word' id='word_1_14' title='bbox 1082 651 1243 712; x_wconf 87' lang='lat' dir='ltr'>erat</span> <span class='ocrx_word' id='word_1_15' title='bbox 1290 638 1390 711; x_wconf 91' lang='lat' dir='ltr'>ibi</span> <span class='ocrx_word' id='word_1_16' title='bbox 1441 661 1531 712; x_wconf 92' lang='lat' dir='ltr'>eo</span> <span class='ocrx_word' id='word_1_17' title='bbox 1569 647 1909 735; x_wconf 89' lang='lat' dir='ltr'>tempore</span> <span class='ocrx_word' id='word_1_18' title='bbox 1940 651 2235 714; x_wconf 88' lang='lat' dir='ltr'>sanctus</span> <span class='ocrx_word' id='word_1_19' title='bbox 2269 643 2504 716; x_wconf 87' lang='lat' dir='ltr'>Theo-</span> 
     </span>
     <span class='ocr_line' id='line_1_4' title="bbox 323 736 2505 838; baseline 0.002 -26"><span class='ocrx_word' id='word_1_20' title='bbox 323 740 548 814; x_wconf 89' lang='lat' dir='ltr'>dorus</span> <span class='ocrx_word' id='word_1_21' title='bbox 601 740 1017 838; x_wconf 89' lang='lat' dir='ltr'>episcopus,</span> <span class='ocrx_word' id='word_1_22' title='bbox 1070 738 1194 837; x_wconf 92' lang='lat' dir='ltr'>qui</span> <span class='ocrx_word' id='word_1_23' title='bbox 1239 751 1412 812; x_wconf 88' lang='lat' dir='ltr'>tunc</span> <span class='ocrx_word' id='word_1_24' title='bbox 1456 736 1557 810; x_wconf 92' lang='lat' dir='ltr'>ibi</span> <span class='ocrx_word' id='word_1_25' title='bbox 1594 737 2101 837; x_wconf 74' lang='lat' dir='ltr'>episcopabat3</span> <span class='ocrx_word' id='word_1_26' title='bbox 2154 738 2247 812; x_wconf 91' lang='lat' dir='ltr'>ob</span> <span class='ocrx_word' id='word_1_27' title='bbox 2300 742 2505 816; x_wconf 85' lang='lat' dir='ltr'>cuius</span> 
     </span>
     <span class='ocr_line' id='line_1_5' title="bbox 321 837 2508 939; baseline 0.001 -27"><span class='ocrx_word' id='word_1_28' title='bbox 321 840 606 913; x_wconf 87' lang='lat' dir='ltr'>meritis</span> <span class='ocrx_word' id='word_1_29' title='bbox 673 839 1126 939; x_wconf 87' lang='lat' dir='ltr'>prohibitum</span> <span class='ocrx_word' id='word_1_30' title='bbox 1196 849 1314 912; x_wconf 90' lang='lat' dir='ltr'>est</span> <span class='ocrx_word' id='word_1_31' title='bbox 1379 839 1655 910; x_wconf 87' lang='lat' dir='ltr'>Karolo</span> <span class='ocrx_word' id='word_1_32' title='bbox 1720 837 1811 909; x_wconf 92' lang='lat' dir='ltr'>de</span> <span class='ocrx_word' id='word_1_33' title='bbox 1864 839 2114 933; x_wconf 89' lang='lat' dir='ltr'>coelo,</span> <span class='ocrx_word' id='word_1_34' title='bbox 2186 850 2266 913; x_wconf 89' lang='lat' dir='ltr'>ut</span> <span class='ocrx_word' id='word_1_35' title='bbox 2328 841 2508 914; x_wconf 87' lang='lat' dir='ltr'>dum</span> 
     </span>
     <span class='ocr_line' id='line_1_6' title="bbox 319 937 2515 1038; baseline 0.001 -26"><span class='ocrx_word' id='word_1_36' title='bbox 319 939 696 1038; x_wconf 87' lang='lat' dir='ltr'>predictus</span> <span class='ocrx_word' id='word_1_37' title='bbox 765 939 1157 1038; x_wconf 88' lang='lat' dir='ltr'>episcopus</span> <span class='ocrx_word' id='word_1_38' title='bbox 1228 937 1514 1009; x_wconf 86' lang='lat' dir='ltr'>viveret</span> <span class='ocrx_word' id='word_1_39' title='bbox 1564 937 1641 1009; x_wconf 87' lang='lat' dir='ltr'>in</span> <span class='ocrx_word' id='word_1_40' title='bbox 1692 961 2040 1035; x_wconf 90' lang='lat' dir='ltr'>corpore,</span> <span class='ocrx_word' id='word_1_41' title='bbox 2106 962 2255 1011; x_wconf 89' lang='lat' dir='ltr'>non</span> <span class='ocrx_word' id='word_1_42' title='bbox 2310 953 2515 1017; x_wconf 84' lang='lat' dir='ltr'>esset</span> 
     </span>
     <span class='ocr_line' id='line_1_7' title="bbox 319 1035 2505 1138; baseline 0.001 -27"><span class='ocrx_word' id='word_1_43' title='bbox 319 1039 412 1111; x_wconf 88' lang='lat' dir='ltr'>ab</span> <span class='ocrx_word' id='word_1_44' title='bbox 467 1064 556 1112; x_wconf 93' lang='lat' dir='ltr'>eo</span> <span class='ocrx_word' id='word_1_45' title='bbox 611 1051 826 1138; x_wconf 86' lang='lat' dir='ltr'>capta</span> <span class='ocrx_word' id='word_1_46' title='bbox 876 1040 1039 1134; x_wconf 89' lang='lat' dir='ltr'>ipsa</span> <span class='ocrx_word' id='word_1_47' title='bbox 1089 1037 1418 1131; x_wconf 70' lang='lat' dir='ltr'>civitate,</span> <span class='ocrx_word' id='word_1_48' title='bbox 1471 1060 1645 1108; x_wconf 90' lang='lat' dir='ltr'>nam</span> <span class='ocrx_word' id='word_1_49' title='bbox 1697 1035 1799 1108; x_wconf 89' lang='lat' dir='ltr'>ita</span> <span class='ocrx_word' id='word_1_50' title='bbox 1854 1036 2198 1112; x_wconf 88' lang='lat' dir='ltr'>divinitus</span> <span class='ocrx_word' id='word_1_51' title='bbox 2230 1040 2505 1113; x_wconf 87' lang='lat' dir='ltr'>Karolo</span> 
     </span>
     <span class='ocr_line' id='line_1_8' title="bbox 320 1135 2503 1236; baseline 0.001 -26"><span class='ocrx_word' id='word_1_52' title='bbox 320 1141 736 1212; x_wconf 88' lang='lat' dir='ltr'>revelatum</span> <span class='ocrx_word' id='word_1_53' title='bbox 789 1139 1052 1209; x_wconf 85' lang='lat' dir='ltr'>fuerat.</span> <span class='ocrx_word' id='word_1_54' title='bbox 1156 1135 1601 1209; x_wconf 87' lang='lat' dir='ltr'>Discedente</span> <span class='ocrx_word' id='word_1_55' title='bbox 1652 1136 1897 1233; x_wconf 87' lang='lat' dir='ltr'>itaque</span> <span class='ocrx_word' id='word_1_56' title='bbox 1932 1138 2207 1210; x_wconf 89' lang='lat' dir='ltr'>Karolo</span> <span class='ocrx_word' id='word_1_57' title='bbox 2262 1139 2351 1210; x_wconf 90' lang='lat' dir='ltr'>ab</span> <span class='ocrx_word' id='word_1_58' title='bbox 2390 1163 2503 1236; x_wconf 88' lang='lat' dir='ltr'>ea,</span> 
     </span>
     <span class='ocr_line' id='line_1_9' title="bbox 320 1235 2505 1336; baseline 0.002 -26"><span class='ocrx_word' id='word_1_59' title='bbox 320 1240 566 1334; x_wconf 87' lang='lat' dir='ltr'>coepit</span> <span class='ocrx_word' id='word_1_60' title='bbox 617 1237 822 1309; x_wconf 89' lang='lat' dir='ltr'>abire</span> <span class='ocrx_word' id='word_1_61' title='bbox 874 1260 1006 1334; x_wconf 88' lang='lat' dir='ltr'>per</span> <span class='ocrx_word' id='word_1_62' title='bbox 1058 1235 1362 1309; x_wconf 88' lang='lat' dir='ltr'>circu-itu</span> <span class='ocrx_word' id='word_1_63' title='bbox 1416 1235 1753 1308; x_wconf 88' lang='lat' dir='ltr'>eiusdem</span> <span class='ocrx_word' id='word_1_64' title='bbox 1804 1235 2153 1328; x_wconf 85' lang='lat' dir='ltr'>civitatis,</span> <span class='ocrx_word' id='word_1_65' title='bbox 2206 1238 2505 1336; x_wconf 88' lang='lat' dir='ltr'>capiens</span> 
     </span>
     <span class='ocr_line' id='line_1_10' title="bbox 321 1335 2503 1435; baseline 0.002 -27"><span class='ocrx_word' id='word_1_66' title='bbox 321 1336 542 1410; x_wconf 91' lang='lat' dir='ltr'>urbes</span> <span class='ocrx_word' id='word_1_67' title='bbox 612 1336 1027 1427; x_wconf 83' lang='lat' dir='ltr'>universaS,</span> <span class='ocrx_word' id='word_1_68' title='bbox 1094 1336 1372 1410; x_wconf 85' lang='lat' dir='ltr'>scilicet</span> <span class='ocrx_word' id='word_1_69' title='bbox 1437 1335 2061 1432; x_wconf 87' lang='lat' dir='ltr'>Eporediensem,</span> <span class='ocrx_word' id='word_1_70' title='bbox 2124 1336 2503 1435; x_wconf 77' lang='lat' dir='ltr'>VercelliS,</span> 
     </span>
     <span class='ocr_line' id='line_1_11' title="bbox 317 1433 2504 1532; baseline 0.001 -24"><span class='ocrx_word' id='word_1_71' title='bbox 317 1437 741 1527; x_wconf 88' lang='lat' dir='ltr'>Novariam,</span> <span class='ocrx_word' id='word_1_72' title='bbox 794 1435 1267 1531; x_wconf 79' lang='lat' dir='ltr'>Placentiam,</span> <span class='ocrx_word' id='word_1_73' title='bbox 1319 1433 1846 1531; x_wconf 74' lang='lat' dir='ltr'>Mediolanum,</span> <span class='ocrx_word' id='word_1_74' title='bbox 1898 1434 2267 1532; x_wconf 88' lang='lat' dir='ltr'>Parmam,</span> <span class='ocrx_word' id='word_1_75' title='bbox 2329 1439 2504 1511; x_wconf 90' lang='lat' dir='ltr'>Ter-</span> 
     </span>
     <span class='ocr_line' id='line_1_12' title="bbox 316 1533 2502 1632; baseline 0 -22"><span class='ocrx_word' id='word_1_76' title='bbox 316 1547 604 1631; x_wconf 85' lang='lat' dir='ltr'>tonam,</span> <span class='ocrx_word' id='word_1_77' title='bbox 660 1547 877 1632; x_wconf 88' lang='lat' dir='ltr'>atque</span> <span class='ocrx_word' id='word_1_78' title='bbox 931 1559 1059 1606; x_wconf 89' lang='lat' dir='ltr'>eas</span> <span class='ocrx_word' id='word_1_79' title='bbox 1113 1558 1302 1632; x_wconf 90' lang='lat' dir='ltr'>quae</span> <span class='ocrx_word' id='word_1_80' title='bbox 1355 1533 1546 1606; x_wconf 87' lang='lat' dir='ltr'>circa</span> <span class='ocrx_word' id='word_1_81' title='bbox 1599 1558 1804 1606; x_wconf 89' lang='lat' dir='ltr'>mare</span> <span class='ocrx_word' id='word_1_82' title='bbox 1858 1545 2073 1630; x_wconf 87' lang='lat' dir='ltr'>sunt,</span> <span class='ocrx_word' id='word_1_83' title='bbox 2130 1559 2295 1608; x_wconf 89' lang='lat' dir='ltr'>cum</span> <span class='ocrx_word' id='word_1_84' title='bbox 2350 1539 2502 1612; x_wconf 89' lang='lat' dir='ltr'>suis</span> 
     </span>
     <span class='ocr_line' id='line_1_13' title="bbox 317 1632 2502 1730; baseline 0.001 -22"><span class='ocrx_word' id='word_1_85' title='bbox 317 1637 662 1708; x_wconf 84' lang='lat' dir='ltr'>castellis.</span> <span class='ocrx_word' id='word_1_86' title='bbox 783 1634 1066 1706; x_wconf 87' lang='lat' dir='ltr'>Deinde</span> <span class='ocrx_word' id='word_1_87' title='bbox 1136 1659 1284 1706; x_wconf 89' lang='lat' dir='ltr'>non</span> <span class='ocrx_word' id='word_1_88' title='bbox 1349 1633 1588 1705; x_wconf 89' lang='lat' dir='ltr'>multo</span> <span class='ocrx_word' id='word_1_89' title='bbox 1658 1645 1828 1730; x_wconf 91' lang='lat' dir='ltr'>post</span> <span class='ocrx_word' id='word_1_90' title='bbox 1889 1632 2314 1729; x_wconf 79' lang='lat' dir='ltr'>defungitur</span> <span class='ocrx_word' id='word_1_91' title='bbox 2377 1637 2502 1710; x_wconf 92' lang='lat' dir='ltr'>ille</span> 
     </span>
     <span class='ocr_line' id='line_1_14' title="bbox 315 1731 2503 1830; baseline 0.002 -24"><span class='ocrx_word' id='word_1_92' title='bbox 315 1734 577 1808; x_wconf 89' lang='lat' dir='ltr'>beatus</span> <span class='ocrx_word' id='word_1_93' title='bbox 629 1734 1044 1830; x_wconf 86' lang='lat' dir='ltr'>episcopus.</span> <span class='ocrx_word' id='word_1_94' title='bbox 1147 1731 1607 1805; x_wconf 83' lang='lat' dir='ltr'>Insinuatutn</span> <span class='ocrx_word' id='word_1_95' title='bbox 1660 1745 1775 1805; x_wconf 89' lang='lat' dir='ltr'>est</span> <span class='ocrx_word' id='word_1_96' title='bbox 1823 1734 2159 1828; x_wconf 87' lang='lat' dir='ltr'>protinus</span> <span class='ocrx_word' id='word_1_97' title='bbox 2200 1736 2503 1830; x_wconf 86' lang='lat' dir='ltr'>Karolo,</span> 
     </span>
     <span class='ocr_line' id='line_1_15' title="bbox 317 1830 2501 1930; baseline 0.002 -27"><span class='ocrx_word' id='word_1_98' title='bbox 317 1835 512 1930; x_wconf 87' lang='lat' dir='ltr'>quod</span> <span class='ocrx_word' id='word_1_99' title='bbox 554 1833 679 1904; x_wconf 89' lang='lat' dir='ltr'>ille</span> <span class='ocrx_word' id='word_1_100' title='bbox 711 1830 1026 1925; x_wconf 77' lang='lat' dir='ltr'>obisset-3</span> <span class='ocrx_word' id='word_1_101' title='bbox 1077 1831 1201 1928; x_wconf 89' lang='lat' dir='ltr'>qui</span> <span class='ocrx_word' id='word_1_102' title='bbox 1254 1855 1717 1927; x_wconf 89' lang='lat' dir='ltr'>congregans</span> <span class='ocrx_word' id='word_1_103' title='bbox 1769 1832 2021 1903; x_wconf 82' lang='lat' dir='ltr'>statim</span> <span class='ocrx_word' id='word_1_104' title='bbox 2072 1833 2501 1907; x_wconf 89' lang='lat' dir='ltr'>universum</span> 
     </span>
     <span class='ocr_line' id='line_1_16' title="bbox 315 1930 2500 2031; baseline 0 -27"><span class='ocrx_word' id='word_1_105' title='bbox 315 1932 746 2027; x_wconf 81' lang='lat' dir='ltr'>exercitum,</span> <span class='ocrx_word' id='word_1_106' title='bbox 797 1931 1032 2004; x_wconf 89' lang='lat' dir='ltr'>tendit</span> <span class='ocrx_word' id='word_1_107' title='bbox 1063 1931 1389 2031; x_wconf 78' lang='lat' dir='ltr'>Papiam,</span> <span class='ocrx_word' id='word_1_108' title='bbox 1442 1930 1849 2003; x_wconf 89' lang='lat' dir='ltr'>circumdat</span> <span class='ocrx_word' id='word_1_109' title='bbox 1900 1952 2065 2002; x_wconf 87' lang='lat' dir='ltr'>eam</span> <span class='ocrx_word' id='word_1_110' title='bbox 2108 1942 2329 2027; x_wconf 90' lang='lat' dir='ltr'>atque</span> <span class='ocrx_word' id='word_1_111' title='bbox 2375 1934 2500 2006; x_wconf 87' lang='lat' dir='ltr'>ob-</span> 
     </span>
     <span class='ocr_line' id='line_1_17' title="bbox 314 2030 2501 2126; baseline 0.002 -22"><span class='ocrx_word' id='word_1_112' title='bbox 314 2031 526 2107; x_wconf 82' lang='lat' dir='ltr'>sedit.</span> <span class='ocrx_word' id='word_1_113' title='bbox 644 2030 760 2116; x_wconf 46' lang='lat' dir='ltr'>lbi,</span> <span class='ocrx_word' id='word_1_114' title='bbox 813 2042 1060 2104; x_wconf 88' lang='lat' dir='ltr'>autem</span> <span class='ocrx_word' id='word_1_115' title='bbox 1109 2030 1542 2104; x_wconf 89' lang='lat' dir='ltr'>Desiderius</span> <span class='ocrx_word' id='word_1_116' title='bbox 1606 2054 1737 2103; x_wconf 89' lang='lat' dir='ltr'>rex</span> <span class='ocrx_word' id='word_1_117' title='bbox 1804 2030 2099 2126; x_wconf 84' lang='lat' dir='ltr'>fugiens</span> <span class='ocrx_word' id='word_1_118' title='bbox 2152 2033 2501 2108; x_wconf 84' lang='lat' dir='ltr'>manebat</span> 
     </span>
     <span class='ocr_line' id='line_1_18' title="bbox 311 2130 2499 2228; baseline 0.002 -24"><span class='ocrx_word' id='word_1_119' title='bbox 311 2153 483 2204; x_wconf 86' lang='lat' dir='ltr'>cum</span> <span class='ocrx_word' id='word_1_120' title='bbox 524 2130 781 2228; x_wconf 90' lang='lat' dir='ltr'>Algiso</span> <span class='ocrx_word' id='word_1_121' title='bbox 836 2130 987 2203; x_wconf 89' lang='lat' dir='ltr'>filio</span> <span class='ocrx_word' id='word_1_122' title='bbox 1043 2155 1178 2204; x_wconf 91' lang='lat' dir='ltr'>suo</span> <span class='ocrx_word' id='word_1_123' title='bbox 1243 2141 1323 2204; x_wconf 91' lang='lat' dir='ltr'>et</span> <span class='ocrx_word' id='word_1_124' title='bbox 1369 2130 1541 2204; x_wconf 89' lang='lat' dir='ltr'>filia.</span> <span class='ocrx_word' id='word_1_125' title='bbox 1674 2131 1851 2202; x_wconf 85' lang='lat' dir='ltr'>Erat</span> <span class='ocrx_word' id='word_1_126' title='bbox 1902 2140 2151 2203; x_wconf 87' lang='lat' dir='ltr'>autem</span> <span class='ocrx_word' id='word_1_127' title='bbox 2194 2131 2499 2208; x_wconf 86' lang='lat' dir='ltr'>Deside-</span> 
     </span>
     <span class='ocr_line' id='line_1_19' title="bbox 312 2228 2499 2306; baseline 0.001 -3"><span class='ocrx_word' id='word_1_128' title='bbox 312 2233 466 2306; x_wconf 91' lang='lat' dir='ltr'>rius</span> <span class='ocrx_word' id='word_1_129' title='bbox 519 2232 737 2303; x_wconf 89' lang='lat' dir='ltr'>valde</span> <span class='ocrx_word' id='word_1_130' title='bbox 788 2230 1088 2304; x_wconf 89' lang='lat' dir='ltr'>humilis</span> <span class='ocrx_word' id='word_1_131' title='bbox 1152 2241 1228 2303; x_wconf 86' lang='lat' dir='ltr'>et</span> <span class='ocrx_word' id='word_1_132' title='bbox 1273 2229 1554 2302; x_wconf 61' lang='lat' dir='ltr'>bonus.</span> <span class='ocrx_word' id='word_1_133' title='bbox 1677 2228 2005 2302; x_wconf 84' lang='lat' dir='ltr'>Tradunt</span> <span class='ocrx_word' id='word_1_134' title='bbox 2072 2253 2250 2306; x_wconf 85' lang='lat' dir='ltr'>vero</span> <span class='ocrx_word' id='word_1_135' title='bbox 2318 2258 2499 2306; x_wconf 86' lang='lat' dir='ltr'>non-</span> 
     </span>
     <span class='ocr_line' id='line_1_20' title="bbox 312 2326 2503 2426; baseline 0.001 -24"><span class='ocrx_word' id='word_1_136' title='bbox 312 2331 535 2425; x_wconf 85' lang='lat' dir='ltr'>nulli,</span> <span class='ocrx_word' id='word_1_137' title='bbox 609 2327 804 2425; x_wconf 90' lang='lat' dir='ltr'>quod</span> <span class='ocrx_word' id='word_1_138' title='bbox 869 2351 1033 2398; x_wconf 88' lang='lat' dir='ltr'>cum</span> <span class='ocrx_word' id='word_1_139' title='bbox 1101 2327 1394 2400; x_wconf 86' lang='lat' dir='ltr'>hisdem</span> <span class='ocrx_word' id='word_1_140' title='bbox 1465 2326 1889 2399; x_wconf 88' lang='lat' dir='ltr'>Desiderius</span> <span class='ocrx_word' id='word_1_141' title='bbox 1942 2328 2205 2426; x_wconf 73' lang='lat' dir='ltr'>cotidie</span> <span class='ocrx_word' id='word_1_142' title='bbox 2254 2331 2503 2406; x_wconf 85' lang='lat' dir='ltr'>media</span> 
     </span>
     <span class='ocr_line' id='line_1_21' title="bbox 312 2426 2500 2505; baseline 0.002 -4"><span class='ocrx_word' id='word_1_143' title='bbox 312 2439 528 2503; x_wconf 87' lang='lat' dir='ltr'>nocte</span> <span class='ocrx_word' id='word_1_144' title='bbox 603 2426 1044 2502; x_wconf 85' lang='lat' dir='ltr'>surrexisset</span> <span class='ocrx_word' id='word_1_145' title='bbox 1111 2439 1186 2503; x_wconf 89' lang='lat' dir='ltr'>et</span> <span class='ocrx_word' id='word_1_146' title='bbox 1252 2427 1542 2501; x_wconf 88' lang='lat' dir='ltr'>veniret</span> <span class='ocrx_word' id='word_1_147' title='bbox 1608 2426 1698 2499; x_wconf 88' lang='lat' dir='ltr'>ad</span> <span class='ocrx_word' id='word_1_148' title='bbox 1769 2427 2203 2501; x_wconf 84' lang='lat' dir='ltr'>aecclesiam</span> <span class='ocrx_word' id='word_1_149' title='bbox 2266 2431 2500 2505; x_wconf 86' lang='lat' dir='ltr'>sancti</span> 
     </span>
     <span class='ocr_line' id='line_1_22' title="bbox 311 2528 2499 2629; baseline 0.001 -26"><span class='ocrx_word' id='word_1_150' title='bbox 311 2529 690 2625; x_wconf 74' lang='lat' dir='ltr'>Michaelis</span> <span class='ocrx_word' id='word_1_151' title='bbox 756 2529 877 2601; x_wconf 87' lang='lat' dir='ltr'>vel</span> <span class='ocrx_word' id='word_1_152' title='bbox 948 2532 1184 2601; x_wconf 86' lang='lat' dir='ltr'>sancti</span> <span class='ocrx_word' id='word_1_153' title='bbox 1248 2528 1414 2621; x_wconf 86' lang='lat' dir='ltr'>Syri</span> <span class='ocrx_word' id='word_1_154' title='bbox 1479 2553 1609 2617; x_wconf 77' lang='lat' dir='ltr'>seu</span> <span class='ocrx_word' id='word_1_155' title='bbox 1681 2552 1815 2623; x_wconf 91' lang='lat' dir='ltr'>per</span> <span class='ocrx_word' id='word_1_156' title='bbox 1890 2541 2221 2603; x_wconf 88' lang='lat' dir='ltr'>caeteras</span> <span class='ocrx_word' id='word_1_157' title='bbox 2289 2532 2499 2629; x_wconf 85' lang='lat' dir='ltr'>alias,</span> 
     </span>
     <span class='ocr_line' id='line_1_23' title="bbox 311 2625 2499 2727; baseline 0.001 -26"><span class='ocrx_word' id='word_1_158' title='bbox 311 2629 833 2727; x_wconf 86' lang='lat' dir='ltr'>aperiebantur</span> <span class='ocrx_word' id='word_1_159' title='bbox 886 2628 1139 2699; x_wconf 88' lang='lat' dir='ltr'>statim</span> <span class='ocrx_word' id='word_1_160' title='bbox 1191 2626 1444 2721; x_wconf 80' lang='lat' dir='ltr'>regiae</span> <span class='ocrx_word' id='word_1_161' title='bbox 1513 2625 1861 2700; x_wconf 88' lang='lat' dir='ltr'>divinitus</span> <span class='ocrx_word' id='word_1_162' title='bbox 1916 2638 2085 2701; x_wconf 87' lang='lat' dir='ltr'>ante</span> <span class='ocrx_word' id='word_1_163' title='bbox 2140 2653 2273 2701; x_wconf 89' lang='lat' dir='ltr'>suo</span> <span class='ocrx_word' id='word_1_164' title='bbox 2328 2655 2499 2703; x_wconf 89' lang='lat' dir='ltr'>con-</span> 
     </span>
     <span class='ocr_line' id='line_1_24' title="bbox 312 2725 2497 2827; baseline 0.001 -25"><span class='ocrx_word' id='word_1_165' title='bbox 312 2739 584 2827; x_wconf 87' lang='lat' dir='ltr'>spectu.</span> <span class='ocrx_word' id='word_1_166' title='bbox 688 2727 882 2798; x_wconf 89' lang='lat' dir='ltr'>Dum</span> <span class='ocrx_word' id='word_1_167' title='bbox 933 2750 1114 2823; x_wconf 89' lang='lat' dir='ltr'>ergo</span> <span class='ocrx_word' id='word_1_168' title='bbox 1170 2725 1575 2799; x_wconf 88' lang='lat' dir='ltr'>Ticinensis</span> <span class='ocrx_word' id='word_1_169' title='bbox 1630 2725 1887 2799; x_wconf 86' lang='lat' dir='ltr'>civitas</span> <span class='ocrx_word' id='word_1_170' title='bbox 1947 2725 2071 2798; x_wconf 90' lang='lat' dir='ltr'>diu</span> <span class='ocrx_word' id='word_1_171' title='bbox 2124 2726 2497 2805; x_wconf 87' lang='lat' dir='ltr'>obsidere-</span> 
     </span>
     <span class='ocr_line' id='line_1_25' title="bbox 309 2824 2499 2925; baseline 0.001 -24"><span class='ocrx_word' id='word_1_172' title='bbox 309 2839 452 2922; x_wconf 88' lang='lat' dir='ltr'>tur,</span> <span class='ocrx_word' id='word_1_173' title='bbox 507 2825 818 2921; x_wconf 82' lang='lat' dir='ltr'>contigit</span> <span class='ocrx_word' id='word_1_174' title='bbox 850 2838 928 2897; x_wconf 91' lang='lat' dir='ltr'>ut</span> <span class='ocrx_word' id='word_1_175' title='bbox 967 2824 1117 2897; x_wconf 88' lang='lat' dir='ltr'>filia</span> <span class='ocrx_word' id='word_1_176' title='bbox 1149 2825 1511 2899; x_wconf 90' lang='lat' dir='ltr'>Desiderii</span> <span class='ocrx_word' id='word_1_177' title='bbox 1564 2826 2051 2924; x_wconf 86' lang='lat' dir='ltr'>compositam</span> <span class='ocrx_word' id='word_1_178' title='bbox 2105 2828 2499 2925; x_wconf 88' lang='lat' dir='ltr'>epistolam</span> 
     </span>
     <span class='ocr_line' id='line_1_26' title="bbox 309 2923 2591 3025; baseline 0.002 -26"><span class='ocrx_word' id='word_1_179' title='bbox 309 2928 502 3000; x_wconf 87' lang='lat' dir='ltr'>ultra</span> <span class='ocrx_word' id='word_1_180' title='bbox 549 2926 778 2999; x_wconf 89' lang='lat' dir='ltr'>Ticini</span> <span class='ocrx_word' id='word_1_181' title='bbox 831 2923 1136 2998; x_wconf 85' lang='lat' dir='ltr'>fluvium</span> <span class='ocrx_word' id='word_1_182' title='bbox 1189 2950 1323 3024; x_wconf 89' lang='lat' dir='ltr'>per</span> <span class='ocrx_word' id='word_1_183' title='bbox 1365 2925 1707 3001; x_wconf 85' lang='lat' dir='ltr'>balistam</span> <span class='ocrx_word' id='word_1_184' title='bbox 1745 2928 2018 2999; x_wconf 89' lang='lat' dir='ltr'>Karolo</span> <span class='ocrx_word' id='word_1_185' title='bbox 2059 2930 2497 3025; x_wconf 83' lang='lat' dir='ltr'>transmisit,</span> <span class='ocrx_word' id='word_1_186' title='bbox 2586 2953 2591 2956; x_wconf 88' lang='grc'><em>·</em></span> 
     </span>
     <span class='ocr_line' id='line_1_27' title="bbox 307 3025 2495 3126; baseline 0.001 -27"><span class='ocrx_word' id='word_1_187' title='bbox 307 3026 596 3123; x_wconf 91' lang='lat' dir='ltr'>dicens,</span> <span class='ocrx_word' id='word_1_188' title='bbox 667 3037 748 3099; x_wconf 87' lang='lat' dir='ltr'>ut</span> <span class='ocrx_word' id='word_1_189' title='bbox 799 3025 996 3105; x_wconf 83' lang='lat' dir='ltr'>sise</span> <span class='ocrx_word' id='word_1_190' title='bbox 1049 3025 1124 3099; x_wconf 89' lang='lat' dir='ltr'>in</span> <span class='ocrx_word' id='word_1_191' title='bbox 1180 3026 1605 3123; x_wconf 87' lang='lat' dir='ltr'>coniugium</span> <span class='ocrx_word' id='word_1_192' title='bbox 1654 3026 1987 3124; x_wconf 89' lang='lat' dir='ltr'>accipere</span> <span class='ocrx_word' id='word_1_193' title='bbox 2040 3026 2495 3126; x_wconf 84' lang='lat' dir='ltr'>dignaretur,</span> 
     </span>
     <span class='ocr_line' id='line_1_28' title="bbox 305 3126 2493 3204; baseline 0 -3"><span class='ocrx_word' id='word_1_194' title='bbox 305 3127 630 3201; x_wconf 86' lang='lat' dir='ltr'>traderet</span> <span class='ocrx_word' id='word_1_195' title='bbox 680 3126 785 3198; x_wconf 91' lang='lat' dir='ltr'>illi</span> <span class='ocrx_word' id='word_1_196' title='bbox 839 3126 1184 3199; x_wconf 88' lang='lat' dir='ltr'>continuo</span> <span class='ocrx_word' id='word_1_197' title='bbox 1239 3126 1610 3201; x_wconf 86' lang='lat' dir='ltr'>civitatem</span> <span class='ocrx_word' id='word_1_198' title='bbox 1678 3139 1753 3200; x_wconf 86' lang='lat' dir='ltr'>et</span> <span class='ocrx_word' id='word_1_199' title='bbox 1804 3138 2145 3201; x_wconf 90' lang='lat' dir='ltr'>cunctum</span> <span class='ocrx_word' id='word_1_200' title='bbox 2200 3130 2493 3204; x_wconf 88' lang='lat' dir='ltr'>thesau-</span> 
     </span>
     <span class='ocr_line' id='line_1_29' title="bbox 308 3225 2495 3322; baseline 0.002 -26"><span class='ocrx_word' id='word_1_201' title='bbox 308 3250 474 3296; x_wconf 89' lang='lat' dir='ltr'>rum</span> <span class='ocrx_word' id='word_1_202' title='bbox 528 3225 779 3322; x_wconf 89' lang='lat' dir='ltr'>patris.</span> <span class='ocrx_word' id='word_1_203' title='bbox 882 3226 994 3298; x_wconf 89' lang='lat' dir='ltr'>Ad</span> <span class='ocrx_word' id='word_1_204' title='bbox 1047 3227 1234 3299; x_wconf 91' lang='lat' dir='ltr'>haec</span> <span class='ocrx_word' id='word_1_205' title='bbox 1283 3228 1599 3300; x_wconf 89' lang='lat' dir='ltr'>Karolus</span> <span class='ocrx_word' id='word_1_206' title='bbox 1666 3225 1961 3322; x_wconf 87' lang='lat' dir='ltr'>scripsit</span> <span class='ocrx_word' id='word_1_207' title='bbox 2026 3227 2203 3299; x_wconf 86' lang='lat' dir='ltr'>talia</span> <span class='ocrx_word' id='word_1_208' title='bbox 2267 3228 2495 3301; x_wconf 86' lang='lat' dir='ltr'>verba</span> 
     </span>
     <span class='ocr_line' id='line_1_30' title="bbox 304 3324 2494 3422; baseline 0.002 -27"><span class='ocrx_word' id='word_1_209' title='bbox 304 3324 638 3422; x_wconf 89' lang='lat' dir='ltr'>puellae,</span> <span class='ocrx_word' id='word_1_210' title='bbox 693 3347 878 3419; x_wconf 89' lang='lat' dir='ltr'>quae</span> <span class='ocrx_word' id='word_1_211' title='bbox 931 3348 1264 3397; x_wconf 87' lang='lat' dir='ltr'>amorem</span> <span class='ocrx_word' id='word_1_212' title='bbox 1317 3324 1549 3421; x_wconf 87' lang='lat' dir='ltr'>ipsius</span> <span class='ocrx_word' id='word_1_213' title='bbox 1602 3324 1845 3417; x_wconf 86' lang='lat' dir='ltr'>magis</span> <span class='ocrx_word' id='word_1_214' title='bbox 1897 3324 1970 3394; x_wconf 89' lang='lat' dir='ltr'>in</span> <span class='ocrx_word' id='word_1_215' title='bbox 2024 3348 2107 3397; x_wconf 90' lang='lat' dir='ltr'>se</span> <span class='ocrx_word' id='word_1_216' title='bbox 2156 3324 2494 3401; x_wconf 84' lang='lat' dir='ltr'>incitare·</span> 
     </span>
     <span class='ocr_line' id='line_1_31' title="bbox 306 3422 2493 3518; baseline 0.001 -22"><span class='ocrx_word' id='word_1_217' title='bbox 306 3434 447 3496; x_wconf 88' lang='lat' dir='ltr'>tur.</span> <span class='ocrx_word' id='word_1_218' title='bbox 555 3422 762 3509; x_wconf 84' lang='lat' dir='ltr'>Quae</span> <span class='ocrx_word' id='word_1_219' title='bbox 815 3424 1064 3496; x_wconf 85' lang='lat' dir='ltr'>statim</span> <span class='ocrx_word' id='word_1_220' title='bbox 1109 3422 1429 3497; x_wconf 86' lang='lat' dir='ltr'>furando</span> <span class='ocrx_word' id='word_1_221' title='bbox 1482 3423 1651 3497; x_wconf 88' lang='lat' dir='ltr'>tulit</span> <span class='ocrx_word' id='word_1_222' title='bbox 1710 3422 1958 3495; x_wconf 85' lang='lat' dir='ltr'>claves</span> <span class='ocrx_word' id='word_1_223' title='bbox 2007 3434 2268 3518; x_wconf 87' lang='lat' dir='ltr'>portae</span> <span class='ocrx_word' id='word_1_224' title='bbox 2321 3425 2493 3499; x_wconf 80' lang='lat' dir='ltr'>civi-</span> 
     </span>
     <span class='ocr_line' id='line_1_32' title="bbox 305 3519 2490 3622; baseline 0.001 -27"><span class='ocrx_word' id='word_1_225' title='bbox 305 3522 519 3616; x_wconf 85' lang='lat' dir='ltr'>tatis,</span> <span class='ocrx_word' id='word_1_226' title='bbox 599 3544 786 3618; x_wconf 89' lang='lat' dir='ltr'>quae</span> <span class='ocrx_word' id='word_1_227' title='bbox 857 3532 1072 3594; x_wconf 87' lang='lat' dir='ltr'>erant</span> <span class='ocrx_word' id='word_1_228' title='bbox 1137 3523 1230 3595; x_wconf 92' lang='lat' dir='ltr'>ad</span> <span class='ocrx_word' id='word_1_229' title='bbox 1299 3523 1537 3622; x_wconf 89' lang='lat' dir='ltr'>capud</span> <span class='ocrx_word' id='word_1_230' title='bbox 1608 3519 1858 3595; x_wconf 86' lang='lat' dir='ltr'>lectuli</span> <span class='ocrx_word' id='word_1_231' title='bbox 1925 3522 2195 3617; x_wconf 88' lang='lat' dir='ltr'>patris;</span> <span class='ocrx_word' id='word_1_232' title='bbox 2270 3535 2490 3622; x_wconf 83' lang='lat' dir='ltr'>atque</span> 
     </span>
     <span class='ocr_line' id='line_1_33' title="bbox 303 3619 2491 3723; baseline 0.003 -31"><span class='ocrx_word' id='word_1_233' title='bbox 303 3621 668 3693; x_wconf 88' lang='lat' dir='ltr'>mandans</span> <span class='ocrx_word' id='word_1_234' title='bbox 720 3644 855 3717; x_wconf 87' lang='lat' dir='ltr'>per</span> <span class='ocrx_word' id='word_1_235' title='bbox 907 3621 1249 3696; x_wconf 86' lang='lat' dir='ltr'>balistam</span> <span class='ocrx_word' id='word_1_236' title='bbox 1297 3624 1599 3717; x_wconf 85' lang='lat' dir='ltr'>Kar010,</span> <span class='ocrx_word' id='word_1_237' title='bbox 1651 3633 1734 3694; x_wconf 87' lang='lat' dir='ltr'>ut</span> <span class='ocrx_word' id='word_1_238' title='bbox 1784 3619 2047 3693; x_wconf 89' lang='lat' dir='ltr'>eadem</span> <span class='ocrx_word' id='word_1_239' title='bbox 2100 3633 2313 3695; x_wconf 87' lang='lat' dir='ltr'>nocte</span> <span class='ocrx_word' id='word_1_240' title='bbox 2364 3650 2491 3723; x_wconf 89' lang='lat' dir='ltr'>pa·</span> 
     </span>
     <span class='ocr_line' id='line_1_34' title="bbox 304 3718 2490 3817; baseline 0.001 -23"><span class='ocrx_word' id='word_1_241' title='bbox 304 3733 508 3795; x_wconf 81' lang='lat' dir='ltr'>ratus</span> <span class='ocrx_word' id='word_1_242' title='bbox 563 3730 766 3793; x_wconf 87' lang='lat' dir='ltr'>esset</span> <span class='ocrx_word' id='word_1_243' title='bbox 815 3729 980 3793; x_wconf 77' lang='lat' dir='ltr'>cum</span> <span class='ocrx_word' id='word_1_244' title='bbox 1037 3724 1232 3817; x_wconf 84' lang='lat' dir='ltr'>suis,</span> <span class='ocrx_word' id='word_1_245' title='bbox 1301 3746 1468 3793; x_wconf 86' lang='lat' dir='ltr'>curn</span> <span class='ocrx_word' id='word_1_246' title='bbox 1524 3721 1818 3817; x_wconf 88' lang='lat' dir='ltr'>signum</span> <span class='ocrx_word' id='word_1_247' title='bbox 1872 3718 2011 3793; x_wconf 86' lang='lat' dir='ltr'>sibi</span> <span class='ocrx_word' id='word_1_248' title='bbox 2060 3722 2490 3798; x_wconf 73' lang='lat' dir='ltr'>,ostendere-</span> 
     </span>
     <span class='ocr_line' id='line_1_35' title="bbox 303 3818 2489 3917; baseline 0.001 -23"><span class='ocrx_word' id='word_1_249' title='bbox 303 3832 462 3917; x_wconf 84' lang='lat' dir='ltr'>tur,</span> <span class='ocrx_word' id='word_1_250' title='bbox 519 3820 826 3894; x_wconf 86' lang='lat' dir='ltr'>intraret</span> <span class='ocrx_word' id='word_1_251' title='bbox 877 3818 952 3891; x_wconf 87' lang='lat' dir='ltr'>in</span> <span class='ocrx_word' id='word_1_252' title='bbox 1006 3820 1320 3894; x_wconf 87' lang='lat' dir='ltr'>civitate.</span> <span class='ocrx_word' id='word_1_253' title='bbox 1429 3822 1571 3911; x_wconf 80' lang='lat' dir='ltr'>Qui</span> <span class='ocrx_word' id='word_1_254' title='bbox 1620 3820 1739 3893; x_wconf 87' lang='lat' dir='ltr'>ita.</span> <span class='ocrx_word' id='word_1_255' title='bbox 1778 3820 1971 3893; x_wconf 85' lang='lat' dir='ltr'>fecit.</span> <span class='ocrx_word' id='word_1_256' title='bbox 2076 3822 2265 3895; x_wconf 89' lang='lat' dir='ltr'>Nam</span> <span class='ocrx_word' id='word_1_257' title='bbox 2320 3848 2489 3899; x_wconf 90' lang='lat' dir='ltr'>cum</span> 
     </span>
     <span class='ocr_line' id='line_1_36' title="bbox 302 3918 2487 4019; baseline 0.002 -26"><span class='ocrx_word' id='word_1_258' title='bbox 302 3921 616 3994; x_wconf 91' lang='lat' dir='ltr'>Karolus</span> <span class='ocrx_word' id='word_1_259' title='bbox 685 3921 848 4019; x_wconf 89' lang='lat' dir='ltr'>ipsa</span> <span class='ocrx_word' id='word_1_260' title='bbox 913 3932 1130 3993; x_wconf 90' lang='lat' dir='ltr'>nocte</span> <span class='ocrx_word' id='word_1_261' title='bbox 1191 3930 1450 4019; x_wconf 89' lang='lat' dir='ltr'>portae</span> <span class='ocrx_word' id='word_1_262' title='bbox 1523 3918 1835 3995; x_wconf 84' lang='lat' dir='ltr'>civitatis</span> <span class='ocrx_word' id='word_1_263' title='bbox 1892 3921 2487 4018; x_wconf 85' lang='lat' dir='ltr'>appropinquans</span> 
     </span>
     <span class='ocr_line' id='line_1_37' title="bbox 305 4018 2486 4120; baseline 0.003 -31"><span class='ocrx_word' id='word_1_264' title='bbox 305 4018 632 4115; x_wconf 82' lang='lat' dir='ltr'>intraret,</span> <span class='ocrx_word' id='word_1_265' title='bbox 687 4019 1008 4093; x_wconf 90' lang='lat' dir='ltr'>occurrit</span> <span class='ocrx_word' id='word_1_266' title='bbox 1046 4020 1153 4093; x_wconf 92' lang='lat' dir='ltr'>illi</span> <span class='ocrx_word' id='word_1_267' title='bbox 1191 4020 1519 4118; x_wconf 89' lang='lat' dir='ltr'>predicta</span> <span class='ocrx_word' id='word_1_268' title='bbox 1562 4021 1835 4120; x_wconf 87' lang='lat' dir='ltr'>puella,</span> <span class='ocrx_word' id='word_1_269' title='bbox 1873 4020 2142 4115; x_wconf 87' lang='lat' dir='ltr'>gaudio</span> <span class='ocrx_word' id='word_1_270' title='bbox 2188 4044 2277 4093; x_wconf 89' lang='lat' dir='ltr'>ex</span> <span class='ocrx_word' id='word_1_271' title='bbox 2318 4046 2486 4119; x_wconf 90' lang='lat' dir='ltr'>pro-</span> 
     </span>
     <span class='ocr_line' id='line_1_38' title="bbox 302 4116 2485 4219; baseline 0.004 -31"><span class='ocrx_word' id='word_1_272' title='bbox 302 4116 654 4193; x_wconf 85' lang='lat' dir='ltr'>missione</span> <span class='ocrx_word' id='word_1_273' title='bbox 707 4120 1126 4217; x_wconf 76' lang='lat' dir='ltr'>sublevata3</span> <span class='ocrx_word' id='word_1_274' title='bbox 1181 4143 1369 4219; x_wconf 86' lang='lat' dir='ltr'>quae</span> <span class='ocrx_word' id='word_1_275' title='bbox 1422 4122 1669 4196; x_wconf 86' lang='lat' dir='ltr'>statim</span> <span class='ocrx_word' id='word_1_276' title='bbox 1708 4121 1902 4195; x_wconf 89' lang='lat' dir='ltr'>inter</span> <span class='ocrx_word' id='word_1_277' title='bbox 1940 4120 2170 4217; x_wconf 88' lang='lat' dir='ltr'>pedes</span> <span class='ocrx_word' id='word_1_278' title='bbox 2218 4144 2485 4217; x_wconf 82' lang='lat' dir='ltr'>aequo-</span> 
     </span>
    </p>
   </div>
  </div>
 </body>
</html>
