<?xml version="1.0" encoding="UTF-8"?>
<!DOCTYPE html PUBLIC "-//W3C//DTD XHTML 1.0 Transitional//EN"
    "http://www.w3.org/TR/xhtml1/DTD/xhtml1-transitional.dtd">
<html xmlns="http://www.w3.org/1999/xhtml" xml:lang="en" lang="en">
 <head>
  <title>
</title>
<meta http-equiv="Content-Type" content="text/html;charset=utf-8" />
  <meta name='ocr-system' content='tesseract 3.04.00' />
  <meta name='ocr-capabilities' content='ocr_page ocr_carea ocr_par ocr_line ocrx_word'/>
</head>
<body>
  <div class='ocr_page' id='page_1' title='image "./chroniconnovali00unkngoog_0104.png"; bbox 0 0 3034 4900; ppageno 0'>
   <div class='ocr_carea' id='block_1_1' title="bbox 603 339 2341 416">
    <p class='ocr_par' dir='ltr' id='par_1_1' title="bbox 603 339 2341 416">
     <span class='ocr_line' id='line_1_1' title="bbox 603 339 2341 416; baseline 0 -2"><span class='ocrx_word' id='word_1_1' title='bbox 603 342 702 414; x_wconf 83' lang='lat'><strong><em>90</em></strong></span> <span class='ocrx_word' id='word_1_2' title='bbox 1047 339 1591 416; x_wconf 89' lang='lat' dir='ltr'><strong>CHRONICON</strong></span> <span class='ocrx_word' id='word_1_3' title='bbox 1644 340 2341 415; x_wconf 84' lang='lat' dir='ltr'><strong>NOVALICIENSE.</strong></span> 
     </span>
    </p>
   </div>
   <div class='ocr_carea' id='block_1_2' title="bbox 586 522 2826 4231">
    <p class='ocr_par' dir='ltr' id='par_1_2' title="bbox 586 522 2826 4231">
     <span class='ocr_line' id='line_1_2' title="bbox 601 522 2755 623; baseline 0.003 -31"><span class='ocrx_word' id='word_1_4' title='bbox 601 522 746 592; x_wconf 90' lang='lat' dir='ltr'><strong><em>nis</em></strong></span> <span class='ocrx_word' id='word_1_5' title='bbox 739 523 979 616; x_wconf 80' lang='lat' dir='ltr'><strong><em>reqis9</em></strong></span> <span class='ocrx_word' id='word_1_6' title='bbox 1033 522 1361 618; x_wconf 84' lang='lat' dir='ltr'><strong><em>deceptus</em></strong></span> <span class='ocrx_word' id='word_1_7' title='bbox 1430 523 1799 598; x_wconf 86' lang='lat' dir='ltr'><strong><em>blandiciis</em></strong></span> <span class='ocrx_word' id='word_1_8' title='bbox 1859 522 2315 609; x_wconf 78' lang='lat' dir='ltr'><strong><em>fraudibusve</em></strong></span> <span class='ocrx_word' id='word_1_9' title='bbox 2362 526 2509 596; x_wconf 87' lang='lat' dir='ltr'><strong><em>sevi</em></strong></span> <span class='ocrx_word' id='word_1_10' title='bbox 2558 523 2755 623; x_wconf 81' lang='lat' dir='ltr'><strong><em>ducis</em></strong></span> 
     </span>
     <span class='ocr_line' id='line_1_3' title="bbox 605 622 2753 720; baseline 0.002 -28"><span class='ocrx_word' id='word_1_11' title='bbox 605 645 694 692; x_wconf 90' lang='lat' dir='ltr'><strong><em>ac</em></strong></span> <span class='ocrx_word' id='word_1_12' title='bbox 742 622 1003 716; x_wconf 79' lang='lat' dir='ltr'><strong><em>inqenti</em></strong></span> <span class='ocrx_word' id='word_1_13' title='bbox 1054 627 1367 696; x_wconf 87' lang='lat' dir='ltr'><strong><em>amentia</em></strong></span> <span class='ocrx_word' id='word_1_14' title='bbox 1416 625 1754 716; x_wconf 84' lang='lat' dir='ltr'><strong><em>detentus,</em></strong></span> <span class='ocrx_word' id='word_1_15' title='bbox 1810 623 2267 696; x_wconf 79' lang='lat' dir='ltr'><strong><em>nescientibus</em></strong></span> <span class='ocrx_word' id='word_1_16' title='bbox 2311 623 2515 697; x_wconf 83' lang='lat' dir='ltr'><strong><em>Italis</em></strong></span> <span class='ocrx_word' id='word_1_17' title='bbox 2558 627 2753 720; x_wconf 87' lang='lat' dir='ltr'><strong><em>prin·</em></strong></span> 
     </span>
     <span class='ocr_line' id='line_1_4' title="bbox 600 720 2753 822; baseline 0.002 -30"><span class='ocrx_word' id='word_1_18' title='bbox 600 720 867 814; x_wconf 84' lang='lat' dir='ltr'><strong><em>cipibus</em></strong></span> <span class='ocrx_word' id='word_1_19' title='bbox 934 725 1266 821; x_wconf 88' lang='lat' dir='ltr'><strong><em>nobisque</em></strong></span> <span class='ocrx_word' id='word_1_20' title='bbox 1331 726 1652 798; x_wconf 87' lang='lat' dir='ltr'><strong><em>omnibus</em></strong></span> <span class='ocrx_word' id='word_1_21' title='bbox 1698 724 2203 822; x_wconf 80' lang='lat' dir='ltr'><strong><em>iynorantibus</em></strong></span> <span class='ocrx_word' id='word_1_22' title='bbox 2218 779 2240 819; x_wconf 89' lang='lat'><em>9</em></span> <span class='ocrx_word' id='word_1_23' title='bbox 2301 748 2435 819; x_wconf 88' lang='lat' dir='ltr'><strong><em>pro</em></strong></span> <span class='ocrx_word' id='word_1_24' title='bbox 2502 724 2753 798; x_wconf 84' lang='lat' dir='ltr'><strong><em>dolor!</em></strong></span> 
     </span>
     <span class='ocr_line' id='line_1_5' title="bbox 599 819 2751 921; baseline 0.003 -30"><span class='ocrx_word' id='word_1_25' title='bbox 599 819 788 892; x_wconf 90' lang='lat' dir='ltr'><strong><em>clam</em></strong></span> <span class='ocrx_word' id='word_1_26' title='bbox 836 825 1148 910; x_wconf 78' lang='lat' dir='ltr'><strong><em>firmavit</em></strong></span> <span class='ocrx_word' id='word_1_27' title='bbox 1189 825 1364 899; x_wconf 88' lang='lat' dir='ltr'><strong><em>illud</em></strong></span> <span class='ocrx_word' id='word_1_28' title='bbox 1403 832 1895 921; x_wconf 82' lang='lat' dir='ltr'><strong><em>praeceptum,</em></strong></span> <span class='ocrx_word' id='word_1_29' title='bbox 1960 848 2096 919; x_wconf 88' lang='lat' dir='ltr'><strong><em>pro</em></strong></span> <span class='ocrx_word' id='word_1_30' title='bbox 2146 834 2283 920; x_wconf 81' lang='lat' dir='ltr'><strong><em>quo</em></strong></span> <span class='ocrx_word' id='word_1_31' title='bbox 2334 825 2535 898; x_wconf 93' lang='lat' dir='ltr'><strong><em>nobis</em></strong></span> <span class='ocrx_word' id='word_1_32' title='bbox 2582 849 2751 898; x_wconf 88' lang='lat' dir='ltr'><strong><em>san·</em></strong></span> 
     </span>
     <span class='ocr_line' id='line_1_6' title="bbox 600 923 2751 1020; baseline 0.003 -28"><span class='ocrx_word' id='word_1_33' title='bbox 600 927 846 1016; x_wconf 85' lang='lat' dir='ltr'><strong><em>ctoque</em></strong></span> <span class='ocrx_word' id='word_1_34' title='bbox 897 923 1052 998; x_wconf 88' lang='lat' dir='ltr'><strong><em>loco</em></strong></span> <span class='ocrx_word' id='word_1_35' title='bbox 1109 927 1370 999; x_wconf 86' lang='lat' dir='ltr'><strong><em>accidit</em></strong></span> <span class='ocrx_word' id='word_1_36' title='bbox 1417 951 1621 1000; x_wconf 87' lang='lat' dir='ltr'><strong><em>omne</em></strong></span> <span class='ocrx_word' id='word_1_37' title='bbox 1669 924 1956 998; x_wconf 88' lang='lat' dir='ltr'><strong><em>malum.</em></strong></span> <span class='ocrx_word' id='word_1_38' title='bbox 2058 924 2233 996; x_wconf 93' lang='lat' dir='ltr'><strong><em>Post</em></strong></span> <span class='ocrx_word' id='word_1_39' title='bbox 2256 925 2448 1020; x_wconf 86' lang='lat' dir='ltr'><strong><em>quod</em></strong></span> <span class='ocrx_word' id='word_1_40' title='bbox 2480 926 2751 1011; x_wconf 79' lang='lat' dir='ltr'><strong><em>factum</em></strong></span> 
     </span>
     <span class='ocr_line' id='line_1_7' title="bbox 601 1021 2752 1123; baseline 0.003 -31"><span class='ocrx_word' id='word_1_41' title='bbox 601 1021 928 1096; x_wconf 81' lang='lat' dir='ltr'><strong><em>divinitus</em></strong></span> <span class='ocrx_word' id='word_1_42' title='bbox 977 1027 1237 1121; x_wconf 81' lang='lat' dir='ltr'><strong><em>inqenti</em></strong></span> <span class='ocrx_word' id='word_1_43' title='bbox 1278 1026 1508 1123; x_wconf 74' lang='lat' dir='ltr'><strong><em>playa</em></strong></span> <span class='ocrx_word' id='word_1_44' title='bbox 1554 1027 1966 1122; x_wconf 78' lang='lat' dir='ltr'><strong><em>percussus,</em></strong></span> <span class='ocrx_word' id='word_1_45' title='bbox 2016 1027 2089 1098; x_wconf 88' lang='lat' dir='ltr'><strong><em>in</em></strong></span> <span class='ocrx_word' id='word_1_46' title='bbox 2136 1027 2295 1119; x_wconf 89' lang='lat' dir='ltr'><strong><em>ipsa</em></strong></span> <span class='ocrx_word' id='word_1_47' title='bbox 2348 1024 2752 1099; x_wconf 82' lang='lat' dir='ltr'><strong><em>ebdomada</em></strong></span> 
     </span>
     <span class='ocr_line' id='line_1_8' title="bbox 601 1123 2753 1222; baseline 0.001 -28"><span class='ocrx_word' id='word_1_48' title='bbox 601 1123 772 1194; x_wconf 86' lang='lat' dir='ltr'><strong><em>obiit</em></strong></span> <span class='ocrx_word' id='word_1_49' title='bbox 817 1132 1132 1198; x_wconf 89' lang='lat' dir='ltr'><strong><em>mortem.</em></strong></span> <span class='ocrx_word' id='word_1_50' title='bbox 1258 1127 1462 1217; x_wconf 84' lang='lat' dir='ltr'><strong><em>Quod</em></strong></span> <span class='ocrx_word' id='word_1_51' title='bbox 1506 1132 1960 1222; x_wconf 88' lang='lat' dir='ltr'><strong><em>praeceptum</em></strong></span> <span class='ocrx_word' id='word_1_52' title='bbox 2014 1125 2174 1197; x_wconf 91' lang='lat' dir='ltr'><strong><em>Otto</em></strong></span> <span class='ocrx_word' id='word_1_53' title='bbox 2224 1127 2579 1220; x_wconf 85' lang='lat' dir='ltr'><strong><em>piissimus</em></strong></span> <span class='ocrx_word' id='word_1_54' title='bbox 2626 1128 2753 1197; x_wconf 87' lang='lat' dir='ltr'><strong><em>im·</em></strong></span> 
     </span>
     <span class='ocr_line' id='line_1_9' title="bbox 592 1225 2751 1345; baseline 0.002 -52"><span class='ocrx_word' id='word_1_55' title='bbox 592 1228 894 1316; x_wconf 87' lang='lat' dir='ltr'><strong><em>perator</em></strong></span> <span class='ocrx_word' id='word_1_56' title='bbox 954 1227 1657 1345; x_wconf 81' lang='lat' dir='ltr'><strong><em>clementissimusque</em></strong></span> <span class='ocrx_word' id='word_1_57' title='bbox 1726 1233 1960 1299; x_wconf 83' lang='lat' dir='ltr'><strong><em>rector</em></strong></span> <span class='ocrx_word' id='word_1_58' title='bbox 2024 1225 2408 1300; x_wconf 88' lang='lat' dir='ltr'><strong><em>multarum</em></strong></span> <span class='ocrx_word' id='word_1_59' title='bbox 2467 1227 2751 1320; x_wconf 82' lang='lat' dir='ltr'><strong><em>provin-</em></strong></span> 
     </span>
     <span class='ocr_line' id='line_1_10' title="bbox 598 1323 2752 1422; baseline 0.002 -29"><span class='ocrx_word' id='word_1_60' title='bbox 598 1325 882 1420; x_wconf 88' lang='lat' dir='ltr'><strong><em>tiarum9</em></strong></span> <span class='ocrx_word' id='word_1_61' title='bbox 942 1330 1220 1400; x_wconf 86' lang='lat' dir='ltr'><strong><em>veniens</em></strong></span> <span class='ocrx_word' id='word_1_62' title='bbox 1269 1327 1370 1400; x_wconf 89' lang='lat' dir='ltr'><strong><em>ad</em></strong></span> <span class='ocrx_word' id='word_1_63' title='bbox 1415 1327 1706 1400; x_wconf 90' lang='lat' dir='ltr'><strong><em>Italiam</em></strong></span> <span class='ocrx_word' id='word_1_64' title='bbox 1722 1383 1743 1422; x_wconf 93' lang='lat'><em>9</em></span> <span class='ocrx_word' id='word_1_65' title='bbox 1794 1330 2176 1398; x_wconf 82' lang='lat' dir='ltr'><strong><em>interventu</em></strong></span> <span class='ocrx_word' id='word_1_66' title='bbox 2229 1326 2481 1398; x_wconf 88' lang='lat' dir='ltr'><strong><em>domne</em></strong></span> <span class='ocrx_word' id='word_1_67' title='bbox 2530 1323 2752 1400; x_wconf 79' lang='lat' dir='ltr'><strong><em>Adhe-</em></strong></span> 
     </span>
     <span class='ocr_line' id='line_1_11' title="bbox 599 1422 2753 1522; baseline 0.002 -28"><span class='ocrx_word' id='word_1_68' title='bbox 599 1422 773 1494; x_wconf 86' lang='lat' dir='ltr'><strong><em>leide</em></strong></span> <span class='ocrx_word' id='word_1_69' title='bbox 815 1429 1062 1500; x_wconf 69' lang='lat' dir='ltr'><strong><em>umoris</em></strong></span> <span class='ocrx_word' id='word_1_70' title='bbox 1097 1450 1275 1498; x_wconf 88' lang='lat' dir='ltr'><strong><em>suae</em></strong></span> <span class='ocrx_word' id='word_1_71' title='bbox 1306 1426 1859 1522; x_wconf 79' lang='lat' dir='ltr'><strong><em>yloriosissimae</em></strong></span> <span class='ocrx_word' id='word_1_72' title='bbox 1891 1433 2209 1520; x_wconf 80' lang='lat' dir='ltr'><strong><em>auquste9</em></strong></span> <span class='ocrx_word' id='word_1_73' title='bbox 2261 1425 2580 1498; x_wconf 86' lang='lat' dir='ltr'><strong><em>iamdicti</em></strong></span> <span class='ocrx_word' id='word_1_74' title='bbox 2617 1427 2753 1498; x_wconf 88' lang='lat' dir='ltr'><strong><em>Lo·-</em></strong></span> 
     </span>
     <span class='ocr_line' id='line_1_12' title="bbox 599 1521 2755 1622; baseline 0.002 -29"><span class='ocrx_word' id='word_1_75' title='bbox 599 1521 815 1594; x_wconf 81' lang='lat' dir='ltr'><strong><em>tharii</em></strong></span> <span class='ocrx_word' id='word_1_76' title='bbox 865 1525 1030 1597; x_wconf 88' lang='lat' dir='ltr'><strong><em>olim</em></strong></span> <span class='ocrx_word' id='word_1_77' title='bbox 1081 1528 1366 1600; x_wconf 90' lang='lat' dir='ltr'><strong><em>relictae</em></strong></span> <span class='ocrx_word' id='word_1_78' title='bbox 1416 1527 1658 1622; x_wconf 77' lang='lat' dir='ltr'><strong><em>vidue,</em></strong></span> <span class='ocrx_word' id='word_1_79' title='bbox 1714 1550 1964 1600; x_wconf 89' lang='lat' dir='ltr'><strong><em>coram</em></strong></span> <span class='ocrx_word' id='word_1_80' title='bbox 2014 1529 2279 1598; x_wconf 89' lang='lat' dir='ltr'><strong><em>cunctis</em></strong></span> <span class='ocrx_word' id='word_1_81' title='bbox 2321 1527 2755 1621; x_wconf 84' lang='lat' dir='ltr'><strong><em>principibus</em></strong></span> 
     </span>
     <span class='ocr_line' id='line_1_13' title="bbox 596 1624 2758 1721; baseline 0.001 -25"><span class='ocrx_word' id='word_1_82' title='bbox 596 1625 778 1718; x_wconf 83' lang='lat' dir='ltr'><strong><em>suis,</em></strong></span> <span class='ocrx_word' id='word_1_83' title='bbox 849 1624 1165 1699; x_wconf 77' lang='lat' dir='ltr'><strong><em>videlicet</em></strong></span> <span class='ocrx_word' id='word_1_84' title='bbox 1223 1628 1749 1702; x_wconf 78' lang='lat' dir='ltr'><strong><em>marchionibus</em></strong></span> <span class='ocrx_word' id='word_1_85' title='bbox 1811 1628 2155 1721; x_wconf 85' lang='lat' dir='ltr'><strong><em>episcopis</em></strong></span> <span class='ocrx_word' id='word_1_86' title='bbox 2202 1627 2639 1700; x_wconf 86' lang='lat' dir='ltr'><strong><em>commitibus</em></strong></span> <span class='ocrx_word' id='word_1_87' title='bbox 2690 1632 2758 1698; x_wconf 88' lang='lat' dir='ltr'><strong><em>et</em></strong></span> 
     </span>
     <span class='ocr_line' id='line_1_14' title="bbox 599 1723 2751 1822; baseline 0.002 -29"><span class='ocrx_word' id='word_1_88' title='bbox 599 1723 928 1820; x_wconf 80' lang='lat' dir='ltr'><strong><em>abbates,</em></strong></span> <span class='ocrx_word' id='word_1_89' title='bbox 995 1729 1154 1822; x_wconf 79' lang='lat' dir='ltr'><strong><em>ique</em></strong></span> <span class='ocrx_word' id='word_1_90' title='bbox 1229 1733 1536 1802; x_wconf 86' lang='lat' dir='ltr'><strong><em>cremari</em></strong></span> <span class='ocrx_word' id='word_1_91' title='bbox 1599 1731 1782 1816; x_wconf 79' lang='lat' dir='ltr'><strong><em>fecit.</em></strong></span> <span class='ocrx_word' id='word_1_92' title='bbox 1900 1728 2076 1801; x_wconf 85' lang='lat' dir='ltr'><strong><em>Post</em></strong></span> <span class='ocrx_word' id='word_1_93' title='bbox 2136 1726 2334 1800; x_wconf 84' lang='lat' dir='ltr'><strong><em>aliud</em></strong></span> <span class='ocrx_word' id='word_1_94' title='bbox 2390 1727 2597 1801; x_wconf 89' lang='lat' dir='ltr'><strong><em>nobis</em></strong></span> <span class='ocrx_word' id='word_1_95' title='bbox 2640 1751 2751 1798; x_wconf 89' lang='lat' dir='ltr'><strong><em>re-</em></strong></span> 
     </span>
     <span class='ocr_line' id='line_1_15' title="bbox 597 1824 2755 1926; baseline 0.001 -31"><span class='ocrx_word' id='word_1_96' title='bbox 597 1824 900 1896; x_wconf 85' lang='lat' dir='ltr'><strong><em>scribere</em></strong></span> <span class='ocrx_word' id='word_1_97' title='bbox 950 1828 1168 1925; x_wconf 78' lang='lat' dir='ltr'><strong><em>iussit,</em></strong></span> <span class='ocrx_word' id='word_1_98' title='bbox 1221 1830 1414 1926; x_wconf 86' lang='lat' dir='ltr'><strong><em>quod</em></strong></span> <span class='ocrx_word' id='word_1_99' title='bbox 1454 1832 1755 1924; x_wconf 86' lang='lat' dir='ltr'><strong><em>propria</em></strong></span> <span class='ocrx_word' id='word_1_100' title='bbox 1785 1852 2004 1903; x_wconf 90' lang='lat' dir='ltr'><strong><em>manu</em></strong></span> <span class='ocrx_word' id='word_1_101' title='bbox 2030 1829 2355 1916; x_wconf 78' lang='lat' dir='ltr'><strong><em>firmavit.</em></strong></span> <span class='ocrx_word' id='word_1_102' title='bbox 2456 1828 2755 1921; x_wconf 81' lang='lat' dir='ltr'><strong><em>Insuper</em></strong></span> 
     </span>
     <span class='ocr_line' id='line_1_16' title="bbox 596 1927 2752 2022; baseline 0 -25"><span class='ocrx_word' id='word_1_103' title='bbox 596 1927 990 1998; x_wconf 85' lang='lat' dir='ltr'><strong><em>cominatus</em></strong></span> <span class='ocrx_word' id='word_1_104' title='bbox 1041 1936 1148 2001; x_wconf 94' lang='lat' dir='ltr'><strong><em>est</em></strong></span> <span class='ocrx_word' id='word_1_105' title='bbox 1192 1932 1539 2002; x_wconf 87' lang='lat' dir='ltr'><strong><em>scelerato</em></strong></span> <span class='ocrx_word' id='word_1_106' title='bbox 1593 1931 1786 2022; x_wconf 81' lang='lat' dir='ltr'><strong><em>duci,</em></strong></span> <span class='ocrx_word' id='word_1_107' title='bbox 1851 1952 1937 2000; x_wconf 89' lang='lat' dir='ltr'><strong><em>ne</em></strong></span> <span class='ocrx_word' id='word_1_108' title='bbox 1991 1928 2293 2021; x_wconf 88' lang='lat' dir='ltr'><strong><em>amplius</em></strong></span> <span class='ocrx_word' id='word_1_109' title='bbox 2340 1929 2752 2000; x_wconf 83' lang='lat' dir='ltr'><strong><em>intromitte-</em></strong></span> 
     </span>
     <span class='ocr_line' id='line_1_17' title="bbox 597 2025 2750 2122; baseline 0.003 -29"><span class='ocrx_word' id='word_1_110' title='bbox 597 2031 707 2096; x_wconf 88' lang='lat' dir='ltr'><strong><em>ret</em></strong></span> <span class='ocrx_word' id='word_1_111' title='bbox 753 2049 828 2096; x_wconf 89' lang='lat' dir='ltr'><strong><em>se</em></strong></span> <span class='ocrx_word' id='word_1_112' title='bbox 878 2025 966 2096; x_wconf 90' lang='lat' dir='ltr'><strong><em>de</em></strong></span> <span class='ocrx_word' id='word_1_113' title='bbox 1003 2028 1295 2122; x_wconf 80' lang='lat' dir='ltr'><strong><em>prediis,</em></strong></span> <span class='ocrx_word' id='word_1_114' title='bbox 1347 2030 1690 2122; x_wconf 84' lang='lat' dir='ltr'><strong><em>cortibus,</em></strong></span> <span class='ocrx_word' id='word_1_115' title='bbox 1745 2028 2025 2120; x_wconf 84' lang='lat' dir='ltr'><strong><em>vicibus9</em></strong></span> <span class='ocrx_word' id='word_1_116' title='bbox 2081 2025 2376 2119; x_wconf 81' lang='lat' dir='ltr'><strong><em>oppidis,</em></strong></span> <span class='ocrx_word' id='word_1_117' title='bbox 2427 2027 2750 2112; x_wconf 80' lang='lat' dir='ltr'><strong><em>famulis·</em></strong></span> 
     </span>
     <span class='ocr_line' id='line_1_18' title="bbox 595 2123 2749 2224; baseline 0.002 -30"><span class='ocrx_word' id='word_1_118' title='bbox 595 2146 726 2219; x_wconf 90' lang='lat' dir='ltr'><strong><em>que</em></strong></span> <span class='ocrx_word' id='word_1_119' title='bbox 737 2179 760 2218; x_wconf 93' lang='lat'><em>9</em></span> <span class='ocrx_word' id='word_1_120' title='bbox 829 2146 1100 2220; x_wconf 81' lang='lat' dir='ltr'><strong><em>uaeque</em></strong></span> <span class='ocrx_word' id='word_1_121' title='bbox 1165 2126 1251 2199; x_wconf 84' lang='lat' dir='ltr'><strong><em>de</em></strong></span> <span class='ocrx_word' id='word_1_122' title='bbox 1317 2128 1665 2224; x_wconf 81' lang='lat' dir='ltr'><strong><em>aliquibus</em></strong></span> <span class='ocrx_word' id='word_1_123' title='bbox 1728 2127 1937 2199; x_wconf 89' lang='lat' dir='ltr'><strong><em>rebus</em></strong></span> <span class='ocrx_word' id='word_1_124' title='bbox 2000 2127 2219 2218; x_wconf 87' lang='lat' dir='ltr'><strong><em>ipsius</em></strong></span> <span class='ocrx_word' id='word_1_125' title='bbox 2266 2123 2534 2197; x_wconf 90' lang='lat' dir='ltr'><strong><em>cenobii</em></strong></span> <span class='ocrx_word' id='word_1_126' title='bbox 2587 2151 2749 2219; x_wconf 85' lang='lat' dir='ltr'><strong><em>per-</em></strong></span> 
     </span>
     <span class='ocr_line' id='line_1_19' title="bbox 595 2224 2748 2322; baseline 0.001 -26"><span class='ocrx_word' id='word_1_127' title='bbox 595 2224 984 2298; x_wconf 82' lang='lat' dir='ltr'><strong><em>tinentibus.</em></strong></span> <span class='ocrx_word' id='word_1_128' title='bbox 1119 2227 1301 2317; x_wconf 84' lang='lat' dir='ltr'><strong><em>Quid</em></strong></span> <span class='ocrx_word' id='word_1_129' title='bbox 1357 2227 1621 2322; x_wconf 74' lang='lat' dir='ltr'><strong><em>plura?</em></strong></span> <span class='ocrx_word' id='word_1_130' title='bbox 1692 2225 1935 2300; x_wconf 83' lang='lat' dir='ltr'><strong><em>Almus</em></strong></span> <span class='ocrx_word' id='word_1_131' title='bbox 1982 2226 2373 2317; x_wconf 89' lang='lat' dir='ltr'><strong><em>imperator</em></strong></span> <span class='ocrx_word' id='word_1_132' title='bbox 2434 2224 2535 2296; x_wconf 89' lang='lat' dir='ltr'><strong><em>ad</em></strong></span> <span class='ocrx_word' id='word_1_133' title='bbox 2578 2241 2748 2318; x_wconf 82' lang='lat' dir='ltr'><strong><em>pro·-</em></strong></span> 
     </span>
     <span class='ocr_line' id='line_1_20' title="bbox 586 2324 2826 2423; baseline 0.001 -27"><span class='ocrx_word' id='word_1_134' title='bbox 586 2326 832 2417; x_wconf 87' lang='lat' dir='ltr'><strong><em>priam</em></strong></span> <span class='ocrx_word' id='word_1_135' title='bbox 880 2349 1056 2397; x_wconf 89' lang='lat' dir='ltr'><strong><em>suae</em></strong></span> <span class='ocrx_word' id='word_1_136' title='bbox 1105 2329 1498 2402; x_wconf 84' lang='lat' dir='ltr'><strong><em>nativitatis</em></strong></span> <span class='ocrx_word' id='word_1_137' title='bbox 1540 2328 1972 2423; x_wconf 79' lang='lat' dir='ltr'><strong><em>provintiam</em></strong></span> <span class='ocrx_word' id='word_1_138' title='bbox 2022 2324 2334 2419; x_wconf 79' lang='lat' dir='ltr'><strong><em>rediens,</em></strong></span> <span class='ocrx_word' id='word_1_139' title='bbox 2386 2326 2753 2411; x_wconf 78' lang='lat' dir='ltr'><strong><em>confestim</em></strong></span> <span class='ocrx_word' id='word_1_140' title='bbox 2812 2365 2826 2372; x_wconf 93' lang='lat'><em>-</em></span> 
     </span>
     <span class='ocr_line' id='line_1_21' title="bbox 593 2424 2751 2521; baseline 0 -22"><span class='ocrx_word' id='word_1_141' title='bbox 593 2435 1266 2521; x_wconf 86' lang='lat' dir='ltr'><strong><em>supranuncupatus</em></strong></span> <span class='ocrx_word' id='word_1_142' title='bbox 1339 2429 1660 2504; x_wconf 82' lang='lat' dir='ltr'><strong><em>marchio</em></strong></span> <span class='ocrx_word' id='word_1_143' title='bbox 1737 2428 1910 2502; x_wconf 88' lang='lat' dir='ltr'><strong><em>diris</em></strong></span> <span class='ocrx_word' id='word_1_144' title='bbox 1976 2424 2210 2499; x_wconf 86' lang='lat' dir='ltr'><strong><em>modis</em></strong></span> <span class='ocrx_word' id='word_1_145' title='bbox 2276 2427 2507 2521; x_wconf 81' lang='lat' dir='ltr'><strong><em>coepit</em></strong></span> <span class='ocrx_word' id='word_1_146' title='bbox 2570 2427 2751 2512; x_wconf 76' lang='lat' dir='ltr'><strong><em>affli-</em></strong></span> 
     </span>
     <span class='ocr_line' id='line_1_22' title="bbox 592 2527 2751 2627; baseline -0 -28"><span class='ocrx_word' id='word_1_147' title='bbox 592 2550 758 2621; x_wconf 79' lang='lat' dir='ltr'><strong><em>9ere</em></strong></span> <span class='ocrx_word' id='word_1_148' title='bbox 792 2527 1124 2600; x_wconf 88' lang='lat' dir='ltr'><strong><em>abbatem</em></strong></span> <span class='ocrx_word' id='word_1_149' title='bbox 1162 2529 1659 2627; x_wconf 83' lang='lat' dir='ltr'><strong><em>universosque</em></strong></span> <span class='ocrx_word' id='word_1_150' title='bbox 1698 2527 2103 2603; x_wconf 85' lang='lat' dir='ltr'><strong><em>coenobitas</em></strong></span> <span class='ocrx_word' id='word_1_151' title='bbox 2140 2530 2413 2622; x_wconf 80' lang='lat' dir='ltr'><strong><em>septies,</em></strong></span> <span class='ocrx_word' id='word_1_152' title='bbox 2468 2527 2751 2599; x_wconf 86' lang='lat' dir='ltr'><strong><em>abstra-</em></strong></span> 
     </span>
     <span class='ocr_line' id='line_1_23' title="bbox 593 2626 2753 2729; baseline 0.001 -31"><span class='ocrx_word' id='word_1_153' title='bbox 593 2626 763 2699; x_wconf 84' lang='lat' dir='ltr'><strong><em>hens</em></strong></span> <span class='ocrx_word' id='word_1_154' title='bbox 840 2650 1082 2701; x_wconf 90' lang='lat' dir='ltr'><strong><em>omnes</em></strong></span> <span class='ocrx_word' id='word_1_155' title='bbox 1151 2654 1266 2704; x_wconf 89' lang='lat' dir='ltr'><strong><em>res</em></strong></span> <span class='ocrx_word' id='word_1_156' title='bbox 1343 2656 1526 2729; x_wconf 90' lang='lat' dir='ltr'><strong><em>quas</em></strong></span> <span class='ocrx_word' id='word_1_157' title='bbox 1589 2634 1980 2725; x_wconf 88' lang='lat' dir='ltr'><strong><em>imperator</em></strong></span> <span class='ocrx_word' id='word_1_158' title='bbox 2053 2629 2387 2723; x_wconf 81' lang='lat' dir='ltr'><strong><em>beniqnus</em></strong></span> <span class='ocrx_word' id='word_1_159' title='bbox 2460 2626 2753 2701; x_wconf 87' lang='lat' dir='ltr'><strong><em>reddere</em></strong></span> 
     </span>
     <span class='ocr_line' id='line_1_24' title="bbox 592 2730 2752 2827; baseline 0 -28"><span class='ocrx_word' id='word_1_160' title='bbox 592 2732 1024 2801; x_wconf 89' lang='lat' dir='ltr'><strong><em>monasterio</em></strong></span> <span class='ocrx_word' id='word_1_161' title='bbox 1104 2730 1410 2827; x_wconf 78' lang='lat' dir='ltr'><strong><em>fecerat,</em></strong></span> <span class='ocrx_word' id='word_1_162' title='bbox 1492 2738 1559 2804; x_wconf 92' lang='lat' dir='ltr'><strong><em>et</em></strong></span> <span class='ocrx_word' id='word_1_163' title='bbox 1626 2730 1851 2803; x_wconf 91' lang='lat' dir='ltr'><strong><em>multa</em></strong></span> <span class='ocrx_word' id='word_1_164' title='bbox 1921 2732 2205 2823; x_wconf 87' lang='lat' dir='ltr'><strong><em>insuper</em></strong></span> <span class='ocrx_word' id='word_1_165' title='bbox 2271 2750 2453 2823; x_wconf 86' lang='lat' dir='ltr'><strong><em>quae</em></strong></span> <span class='ocrx_word' id='word_1_166' title='bbox 2536 2734 2752 2801; x_wconf 87' lang='lat' dir='ltr'><strong><em>antea</em></strong></span> 
     </span>
     <span class='ocr_line' id='line_1_25' title="bbox 593 2827 2750 2947; baseline 0 -49"><span class='ocrx_word' id='word_1_167' title='bbox 593 2850 735 2899; x_wconf 91' lang='lat' dir='ltr'><strong><em>non</em></strong></span> <span class='ocrx_word' id='word_1_168' title='bbox 813 2828 1242 2926; x_wconf 86' lang='lat' dir='ltr'><strong><em>abstulerat9</em></strong></span> <span class='ocrx_word' id='word_1_169' title='bbox 1319 2836 1589 2905; x_wconf 87' lang='lat' dir='ltr'><strong><em>seviens</em></strong></span> <span class='ocrx_word' id='word_1_170' title='bbox 1650 2830 1843 2947; x_wconf 80' lang='lat' dir='ltr'><strong><em>quod</em></strong></span> <span class='ocrx_word' id='word_1_171' title='bbox 1920 2832 2078 2902; x_wconf 90' lang='lat' dir='ltr'><strong><em>ausi</em></strong></span> <span class='ocrx_word' id='word_1_172' title='bbox 2140 2830 2403 2915; x_wconf 81' lang='lat' dir='ltr'><strong><em>fuimus</em></strong></span> <span class='ocrx_word' id='word_1_173' title='bbox 2463 2827 2750 2921; x_wconf 87' lang='lat' dir='ltr'><strong><em>procla-</em></strong></span> 
     </span>
     <span class='ocr_line' id='line_1_26' title="bbox 592 2928 2752 3025; baseline 0.002 -28"><span class='ocrx_word' id='word_1_174' title='bbox 592 2950 796 2999; x_wconf 85' lang='lat' dir='ltr'><strong><em>mare</em></strong></span> <span class='ocrx_word' id='word_1_175' title='bbox 863 2936 1024 3000; x_wconf 90' lang='lat' dir='ltr'><strong><em>ante</em></strong></span> <span class='ocrx_word' id='word_1_176' title='bbox 1089 2938 1416 3003; x_wconf 87' lang='lat' dir='ltr'><strong><em>sanctum</em></strong></span> <span class='ocrx_word' id='word_1_177' title='bbox 1481 2934 1847 3025; x_wconf 87' lang='lat' dir='ltr'><strong><em>imperium</em></strong></span> <span class='ocrx_word' id='word_1_178' title='bbox 1900 2930 1985 3002; x_wconf 87' lang='lat' dir='ltr'><strong><em>de</em></strong></span> <span class='ocrx_word' id='word_1_179' title='bbox 2044 2929 2251 3001; x_wconf 90' lang='lat' dir='ltr'><strong><em>malis</em></strong></span> <span class='ocrx_word' id='word_1_180' title='bbox 2318 2951 2501 3023; x_wconf 85' lang='lat' dir='ltr'><strong><em>quae</em></strong></span> <span class='ocrx_word' id='word_1_181' title='bbox 2550 2928 2752 3001; x_wconf 89' lang='lat' dir='ltr'><strong><em>nobis</em></strong></span> 
     </span>
     <span class='ocr_line' id='line_1_27' title="bbox 593 3026 2749 3123; baseline 0.001 -26"><span class='ocrx_word' id='word_1_182' title='bbox 593 3026 957 3113; x_wconf 79' lang='lat' dir='ltr'><strong><em>inferebat.</em></strong></span> <span class='ocrx_word' id='word_1_183' title='bbox 1079 3026 1191 3101; x_wconf 80' lang='lat' dir='ltr'><strong><em>Ad</em></strong></span> <span class='ocrx_word' id='word_1_184' title='bbox 1239 3030 1559 3103; x_wconf 82' lang='lat' dir='ltr'><strong><em>ultimum</em></strong></span> <span class='ocrx_word' id='word_1_185' title='bbox 1609 3030 1911 3103; x_wconf 88' lang='lat' dir='ltr'><strong><em>reddens</em></strong></span> <span class='ocrx_word' id='word_1_186' title='bbox 1959 3029 2163 3101; x_wconf 90' lang='lat' dir='ltr'><strong><em>nobis</em></strong></span> <span class='ocrx_word' id='word_1_187' title='bbox 2214 3028 2531 3123; x_wconf 81' lang='lat' dir='ltr'><strong><em>aliquam</em></strong></span> <span class='ocrx_word' id='word_1_188' title='bbox 2575 3052 2749 3121; x_wconf 86' lang='lat' dir='ltr'><strong><em>par-</em></strong></span> 
     </span>
     <span class='ocr_line' id='line_1_28' title="bbox 592 3126 2747 3226; baseline 0 -28"><span class='ocrx_word' id='word_1_189' title='bbox 592 3126 918 3223; x_wconf 65' lang='lat' dir='ltr'><strong><em>tic-ulam,</em></strong></span> <span class='ocrx_word' id='word_1_190' title='bbox 1019 3129 1148 3201; x_wconf 87' lang='lat' dir='ltr'><strong><em>sed</em></strong></span> <span class='ocrx_word' id='word_1_191' title='bbox 1217 3134 1716 3226; x_wconf 74' lang='lat' dir='ltr'><strong><em>pereoeiquam9</em></strong></span> <span class='ocrx_word' id='word_1_192' title='bbox 1820 3130 1905 3202; x_wconf 89' lang='lat' dir='ltr'><strong><em>de</em></strong></span> <span class='ocrx_word' id='word_1_193' title='bbox 1971 3129 2238 3224; x_wconf 86' lang='lat' dir='ltr'><strong><em>prediis</em></strong></span> <span class='ocrx_word' id='word_1_194' title='bbox 2312 3130 2747 3221; x_wconf 80' lang='lat' dir='ltr'><strong><em>monasterii,</em></strong></span> 
     </span>
     <span class='ocr_line' id='line_1_29' title="bbox 594 3228 2749 3345; baseline -0 -43"><span class='ocrx_word' id='word_1_195' title='bbox 594 3228 929 3345; x_wconf 83' lang='lat' dir='ltr'><strong><em>compulit</em></strong></span> <span class='ocrx_word' id='word_1_196' title='bbox 991 3230 1321 3303; x_wconf 88' lang='lat' dir='ltr'><strong><em>abbatem</em></strong></span> <span class='ocrx_word' id='word_1_197' title='bbox 1377 3234 1788 3326; x_wconf 84' lang='lat' dir='ltr'><strong><em>promittere</em></strong></span> <span class='ocrx_word' id='word_1_198' title='bbox 1830 3232 2366 3324; x_wconf 84' lang='lat' dir='ltr'><strong><em>promissionem</em></strong></span> <span class='ocrx_word' id='word_1_199' title='bbox 2416 3229 2749 3324; x_wconf 77' lang='lat' dir='ltr'><strong><em>indiqnis·</em></strong></span> 
     </span>
     <span class='ocr_line' id='line_1_30' title="bbox 592 3328 2751 3427; baseline -0.001 -24"><span class='ocrx_word' id='word_1_200' title='bbox 592 3332 888 3424; x_wconf 79' lang='lat' dir='ltr'><strong><em>simam,</em></strong></span> <span class='ocrx_word' id='word_1_201' title='bbox 942 3330 1135 3425; x_wconf 86' lang='lat' dir='ltr'><strong><em>quod</em></strong></span> <span class='ocrx_word' id='word_1_202' title='bbox 1185 3330 1508 3427; x_wconf 84' lang='lat' dir='ltr'><strong><em>deinceps</em></strong></span> <span class='ocrx_word' id='word_1_203' title='bbox 1558 3356 1701 3405; x_wconf 89' lang='lat' dir='ltr'><strong><em>non</em></strong></span> <span class='ocrx_word' id='word_1_204' title='bbox 1746 3331 2233 3426; x_wconf 88' lang='lat' dir='ltr'><strong><em>proclamaret</em></strong></span> <span class='ocrx_word' id='word_1_205' title='bbox 2275 3355 2352 3404; x_wconf 87' lang='lat' dir='ltr'><strong><em>se</em></strong></span> <span class='ocrx_word' id='word_1_206' title='bbox 2402 3336 2565 3403; x_wconf 88' lang='lat' dir='ltr'><strong><em>ante</em></strong></span> <span class='ocrx_word' id='word_1_207' title='bbox 2622 3328 2751 3401; x_wconf 89' lang='lat' dir='ltr'><strong><em>ali-</em></strong></span> 
     </span>
     <span class='ocr_line' id='line_1_31' title="bbox 592 3428 2755 3527; baseline 0 -26"><span class='ocrx_word' id='word_1_208' title='bbox 592 3454 806 3527; x_wconf 83' lang='lat' dir='ltr'><strong><em>quam</em></strong></span> <span class='ocrx_word' id='word_1_209' title='bbox 873 3433 1325 3524; x_wconf 84' lang='lat' dir='ltr'><strong><em>imperatoris</em></strong></span> <span class='ocrx_word' id='word_1_210' title='bbox 1371 3436 1803 3526; x_wconf 87' lang='lat' dir='ltr'><strong><em>presentiam</em></strong></span> <span class='ocrx_word' id='word_1_211' title='bbox 1867 3431 1955 3504; x_wconf 90' lang='lat' dir='ltr'><strong><em>de</em></strong></span> <span class='ocrx_word' id='word_1_212' title='bbox 2010 3432 2138 3503; x_wconf 91' lang='lat' dir='ltr'><strong><em>tali</em></strong></span> <span class='ocrx_word' id='word_1_213' title='bbox 2201 3434 2416 3516; x_wconf 78' lang='lat' dir='ltr'><strong><em>facto.</em></strong></span> <span class='ocrx_word' id='word_1_214' title='bbox 2550 3428 2755 3519; x_wconf 80' lang='lat' dir='ltr'><strong><em>Quod</em></strong></span> 
     </span>
     <span class='ocr_line' id='line_1_32' title="bbox 591 3530 2759 3625; baseline -0 -23"><span class='ocrx_word' id='word_1_215' title='bbox 591 3530 818 3604; x_wconf 89' lang='lat' dir='ltr'><strong><em>scelus</em></strong></span> <span class='ocrx_word' id='word_1_216' title='bbox 885 3533 1234 3606; x_wconf 87' lang='lat' dir='ltr'><strong><em>credimus</em></strong></span> <span class='ocrx_word' id='word_1_217' title='bbox 1297 3533 1669 3606; x_wconf 88' lang='lat' dir='ltr'><strong><em>condolere</em></strong></span> <span class='ocrx_word' id='word_1_218' title='bbox 1740 3532 2286 3625; x_wconf 77' lang='lat' dir='ltr'><strong><em>omnipotentem</em></strong></span> <span class='ocrx_word' id='word_1_219' title='bbox 2353 3533 2613 3604; x_wconf 88' lang='lat' dir='ltr'><strong><em>trinum</em></strong></span> <span class='ocrx_word' id='word_1_220' title='bbox 2688 3535 2759 3603; x_wconf 90' lang='lat' dir='ltr'><strong><em>et</em></strong></span> 
     </span>
     <span class='ocr_line' id='line_1_33' title="bbox 592 3631 2751 3729; baseline -0.001 -26"><span class='ocrx_word' id='word_1_221' title='bbox 592 3631 994 3725; x_wconf 86' lang='lat' dir='ltr'><strong><em>simplicem9</em></strong></span> <span class='ocrx_word' id='word_1_222' title='bbox 1049 3631 1609 3729; x_wconf 80' lang='lat' dir='ltr'><strong><em>claviqerumque</em></strong></span> <span class='ocrx_word' id='word_1_223' title='bbox 1644 3631 2011 3705; x_wconf 88' lang='lat' dir='ltr'><strong><em>caelestem</em></strong></span> <span class='ocrx_word' id='word_1_224' title='bbox 2043 3655 2203 3703; x_wconf 89' lang='lat' dir='ltr'><strong><em>cum</em></strong></span> <span class='ocrx_word' id='word_1_225' title='bbox 2232 3632 2551 3705; x_wconf 86' lang='lat' dir='ltr'><strong><em>omnibus</em></strong></span> <span class='ocrx_word' id='word_1_226' title='bbox 2581 3653 2751 3703; x_wconf 78' lang='lat' dir='ltr'><strong><em>san-</em></strong></span> 
     </span>
     <span class='ocr_line' id='line_1_34' title="bbox 593 3731 2752 3830; baseline -0.001 -27"><span class='ocrx_word' id='word_1_227' title='bbox 593 3732 738 3803; x_wconf 86' lang='lat' dir='ltr'><strong><em>ctis.</em></strong></span> <span class='ocrx_word' id='word_1_228' title='bbox 847 3731 1024 3818; x_wconf 77' lang='lat' dir='ltr'><strong><em>Quin</em></strong></span> <span class='ocrx_word' id='word_1_229' title='bbox 1075 3737 1290 3805; x_wconf 89' lang='lat' dir='ltr'><strong><em>etiam</em></strong></span> <span class='ocrx_word' id='word_1_230' title='bbox 1341 3738 1657 3830; x_wconf 88' lang='lat' dir='ltr'><strong><em>cupimus</em></strong></span> <span class='ocrx_word' id='word_1_231' title='bbox 1708 3757 1857 3806; x_wconf 87' lang='lat' dir='ltr'><strong><em>esse</em></strong></span> <span class='ocrx_word' id='word_1_232' title='bbox 1896 3732 2331 3828; x_wconf 80' lang='lat' dir='ltr'><strong><em>divulqatum</em></strong></span> <span class='ocrx_word' id='word_1_233' title='bbox 2352 3731 2752 3826; x_wconf 87' lang='lat' dir='ltr'><strong><em>presentiae</em></strong></span> 
     </span>
     <span class='ocr_line' id='line_1_35' title="bbox 589 3830 2748 3931; baseline -0.001 -28"><span class='ocrx_word' id='word_1_234' title='bbox 589 3836 871 3904; x_wconf 86' lang='lat' dir='ltr'><strong><em>vestrae</em></strong></span> <span class='ocrx_word' id='word_1_235' title='bbox 919 3833 1314 3906; x_wconf 88' lang='lat' dir='ltr'><strong><em>maiestatis</em></strong></span> <span class='ocrx_word' id='word_1_236' title='bbox 1323 3891 1346 3930; x_wconf 92' lang='lat'><em>9</em></span> <span class='ocrx_word' id='word_1_237' title='bbox 1409 3836 1603 3931; x_wconf 86' lang='lat' dir='ltr'><strong><em>quod</em></strong></span> <span class='ocrx_word' id='word_1_238' title='bbox 1652 3841 1783 3907; x_wconf 90' lang='lat' dir='ltr'><strong><em>aut</em></strong></span> <span class='ocrx_word' id='word_1_239' title='bbox 1823 3857 1952 3929; x_wconf 89' lang='lat' dir='ltr'><strong><em>per</em></strong></span> <span class='ocrx_word' id='word_1_240' title='bbox 2000 3840 2313 3905; x_wconf 85' lang='lat' dir='ltr'><strong><em>vestram</em></strong></span> <span class='ocrx_word' id='word_1_241' title='bbox 2362 3830 2748 3924; x_wconf 76' lang='lat' dir='ltr'><strong><em>beniqn&#39;ita·</em></strong></span> 
     </span>
     <span class='ocr_line' id='line_1_36' title="bbox 590 3933 2757 4023; baseline 0 -20"><span class='ocrx_word' id='word_1_242' title='bbox 590 3938 730 4005; x_wconf 89' lang='lat' dir='ltr'><strong><em>tem</em></strong></span> <span class='ocrx_word' id='word_1_243' title='bbox 793 3938 1088 4004; x_wconf 82' lang='lat' dir='ltr'><strong><em>sanctus</em></strong></span> <span class='ocrx_word' id='word_1_244' title='bbox 1151 3933 1424 4006; x_wconf 84' lang='lat' dir='ltr'><strong><em>stabilis</em></strong></span> <span class='ocrx_word' id='word_1_245' title='bbox 1486 3935 1802 4007; x_wconf 86' lang='lat' dir='ltr'><strong><em>manebit</em></strong></span> <span class='ocrx_word' id='word_1_246' title='bbox 1869 3934 2065 4007; x_wconf 89' lang='lat' dir='ltr'><strong><em>locus</em></strong></span> <span class='ocrx_word' id='word_1_247' title='bbox 2126 3937 2196 4005; x_wconf 94' lang='lat' dir='ltr'><strong><em>et</em></strong></span> <span class='ocrx_word' id='word_1_248' title='bbox 2252 3936 2498 4021; x_wconf 81' lang='lat' dir='ltr'><strong><em>firmus</em></strong></span> <span class='ocrx_word' id='word_1_249' title='bbox 2514 3986 2535 4023; x_wconf 89' lang='lat'><em>9</em></span> <span class='ocrx_word' id='word_1_250' title='bbox 2622 3936 2757 4003; x_wconf 86' lang='lat' dir='ltr'><strong><em>aut</em></strong></span> 
     </span>
     <span class='ocr_line' id='line_1_37' title="bbox 587 4030 2751 4129; baseline -0.001 -24"><span class='ocrx_word' id='word_1_251' title='bbox 587 4055 890 4129; x_wconf 86' lang='lat' dir='ltr'><strong><em>prorsus</em></strong></span> <span class='ocrx_word' id='word_1_252' title='bbox 943 4033 1034 4105; x_wconf 93' lang='lat' dir='ltr'><strong><em>ab</em></strong></span> <span class='ocrx_word' id='word_1_253' title='bbox 1087 4035 1239 4129; x_wconf 89' lang='lat' dir='ltr'><strong><em>ipso</em></strong></span> <span class='ocrx_word' id='word_1_254' title='bbox 1288 4032 1624 4129; x_wconf 76' lang='lat' dir='ltr'><strong><em>Arduyno</em></strong></span> <span class='ocrx_word' id='word_1_255' title='bbox 1688 4038 1821 4107; x_wconf 88' lang='lat' dir='ltr'><strong><em>erit</em></strong></span> <span class='ocrx_word' id='word_1_256' title='bbox 1878 4035 2271 4109; x_wconf 81' lang='lat' dir='ltr'><strong><em>destructus</em></strong></span> <span class='ocrx_word' id='word_1_257' title='bbox 2330 4036 2401 4103; x_wconf 90' lang='lat' dir='ltr'><strong><em>et</em></strong></span> <span class='ocrx_word' id='word_1_258' title='bbox 2448 4055 2495 4102; x_wconf 89' lang='lat' dir='ltr'><strong><em>a</em></strong></span> <span class='ocrx_word' id='word_1_259' title='bbox 2546 4030 2751 4103; x_wconf 83' lang='lat' dir='ltr'><strong><em>nobis</em></strong></span> 
     </span>
     <span class='ocr_line' id='line_1_38' title="bbox 593 4131 2745 4231; baseline -0.006 -16"><span class='ocrx_word' id='word_1_260' title='bbox 593 4136 917 4227; x_wconf 83' lang='lat' dir='ltr'><strong><em>relictus9·</em></strong></span> <span class='ocrx_word' id='word_1_261' title='bbox 970 4135 1163 4231; x_wconf 85' lang='lat' dir='ltr'><strong><em>quod</em></strong></span> <span class='ocrx_word' id='word_1_262' title='bbox 1204 4136 1582 4231; x_wconf 84' lang='lat' dir='ltr'><strong><em>prohibeat</em></strong></span> <span class='ocrx_word' id='word_1_263' title='bbox 1627 4159 1862 4209; x_wconf 89' lang='lat' dir='ltr'><strong><em>rerum</em></strong></span> <span class='ocrx_word' id='word_1_264' title='bbox 1902 4131 2225 4207; x_wconf 84' lang='lat' dir='ltr'><strong><em>conditor</em></strong></span> <span class='ocrx_word' id='word_1_265' title='bbox 2240 4134 2269 4204; x_wconf 77' lang='grc' dir='ltr'><em>Ι</em></span> <span class='ocrx_word' id='word_1_266' title='bbox 2319 4131 2595 4207; x_wconf 85' lang='lat' dir='ltr'><strong><em>Idcirco</em></strong></span> <span class='ocrx_word' id='word_1_267' title='bbox 2630 4156 2745 4205; x_wconf 90' lang='lat' dir='ltr'><strong><em>as-</em></strong></span> 
     </span>
    </p>
   </div>
  </div>
 </body>
</html>
