3034 4900
1007 389 1282 464 ΙΛΒΕΒ
1336 388 1775 480 QUINTth.
1918 377 1921 384 ’
1966 365 1970 369 ’
2391 389 2483 464 61

453 576 560 649 De
613 573 928 670 quodam
990 572 1204 644 milite
1253 572 1605 667 Royerius
1664 571 1964 642 nomine.

450 676 557 749 De
609 675 1053 769 Berenyario
1105 696 1269 769 reqe
1323 697 1414 744 ac
1461 672 1607 760 filio
1660 673 1809 743 eius
1858 668 2263 743 AdalbertO.

449 776 558 849 De
609 776 1034 871 yenealoyia
1104 774 1421 845 auctoris
1470 771 1680 843 huius
1730 769 1909 846 libri.

451 875 559 948 De
609 873 951 948 Adelaide
1003 875 1256 968 reyina
1306 894 1533 943 umore
1590 872 1780 964 reyis
1828 869 2171 943 Lotharii.

451 975 560 1048 De
613 977 972 1048 Canusino
1026 978 1308 1064 castro,
1373 972 1446 1040 in
1498 992 1638 1065 quo
1692 969 1985 1043 obsessa
2032 973 2188 1056 fuit.

451 1075 558 1148 De
617 1075 915 1148 Otthone
986 1071 1163 1142 duce
1224 1071 1780 1188 Baioariorum,
1835 1070 2137 1165 qualiter
2185 1070 2492 1165 Papiam

707 1174 896 1244 venit
950 1177 1018 1242 et
1067 1171 1440 1286 imperium
1489 1169 1805 1264 sumpsit.

452 1275 560 1348 De
613 1272 913 1368 lupariis
961 1273 1180 1367 reyis

454 1375 562 1448 De
612 1373 1092 1445 mecuriorum
1140 1371 1458 1456 fratrum
1505 1367 1813 1441 Arlandi
1863 1374 1934 1441 et
1982 1368 2373 1464 Garlanffl,
2428 1378 2499 1442 et

655 1471 1033 1569 quomodo
1055 1467 1380 1542 Albertus
1431 1469 1753 1542 marchio
1803 1469 2211 1542 Bremetum
2262 1473 2494 1544 vicum

658 1573 1061 1668 acquisivit,
1133 1569 1492 1666 quomodo
1564 1572 2078 1643 monasterium
2142 1577 2211 1642 et
2276 1577 2498 1666 caput

657 1673 994 1744 abbatiae
1045 1670 1141 1740 ibi
1189 1671 1457 1742 statuit.

371 1822 378 1828 -
453 1773 561 1844 De
593 1770 971 1843 Romaldo
1040 1767 1318 1840 abbate.

456 1871 564 1942 De
616 1869 932 1966 quodam
1005 1867 1380 1948 Saraceno
1449 1866 1734 1938 nomine
1784 1862 2093 1937 Aimone

462 1969 669 2060 Quod
719 1969 842 2041 alii
893 1969 1250 2040 Saraceni
1301 1967 1392 2040 ab
1443 1967 1580 2040 isto
1634 1964 1721 2039 de
1770 1965 2173 2038 Fraaeeneto
2226 1966 2497 2060 expulsi

658 2075 728 2141 et
771 2070 1122 2156 interfecti
1169 2074 1354 2141 sunt.

456 2170 565 2243 De
592 2168 911 2241 Ardoino
961 2167 1306 2262 predicto,
1361 2165 1723 2262 quomodo
1774 2164 2031 2237 vallem
2066 2129 2495 2262 Sequsinam

481 2269 488 2274 ’
661 2268 870 2340 beato
923 2267 1133 2337 Petro
1192 2265 1490 2337 sustulit.

461 2368 566 2441 De
609 2371 998 2463 praecepto
1027 2364 1222 2463 quod
1248 2362 1609 2437 Arduinus
1634 2361 1957 2434 marchio
2008 2361 2201 2434 clam
2240 2367 2495 2462 acqui-

661 2468 827 2539 sivit
873 2466 960 2539 de
1009 2471 1267 2539 nostra
1321 2463 1621 2538 abbatia
1663 2489 1713 2536 a
1756 2486 1920 2557 reqe
1974 2462 2342 2537 Lethario.

460 2568 567 2640 De
623 2566 882 2639 abbate
927 2566 1439 2669 Beleqrimmo,
1506 2566 1627 2659 qui
1676 2563 2049 2656 epistolam
2113 2564 2199 2636 de
2252 2565 2497 2641 eodem

659 2664 976 2738 Ardoino
1030 2667 1432 2737 transmisit
1479 2663 1582 2737 ad
1626 2660 2019 2736 Iohannem
2064 2687 2363 2757 papam.

461 2766 569 2837 De
619 2788 785 2838 sene
835 2762 1190 2838 monacho
1245 2772 1312 2836 et
1365 2766 1629 2836 visione
1681 2765 1849 2836 eius.

463 2866 572 2937 De
596 2865 975 2981 praedicto
1004 2871 1410 2980 praecepto,
1445 2863 1639 2960 quod
1670 2864 1765 2935 ab
1788 2865 2223 2957 imperatore
2248 2862 2499 2938 Ottone
2594 2884 2600 2889 '

663 2967 736 3038 in
785 2967 947 3061 iqne
981 2967 1085 3038 sic
1121 2967 1392 3037 iactato
1437 2987 1687 3036 coram
1742 2964 2069 3037 omnibus
2108 2966 2499 3038 interventu

663 3068 956 3160 reyinae
980 3062 1344 3161 Adelaide,
1389 3070 1460 3137 et
1486 3064 1579 3136 ab
1612 3050 1780 3159 alio,
1816 3063 2066 3136 abbati
2094 3065 2497 3157 impetrato.

460 3164 569 3235 De
621 3162 950 3239 Sansone
1002 3168 1294 3259 comite,
1349 3166 1468 3262 qui
1517 3164 2135 3237 sanctimonialem
2182 3165 2502 3236 habitum

663 3267 736 3335 in
805 3266 1054 3339 eodem
1100 3267 1537 3337 monasterio
1590 3265 1895 3355 sumpsit
1941 3267 2011 3333 et
2058 3269 2324 3334 cortem
2373 3286 2499 3335 no-

663 3364 850 3434 mine
903 3364 1294 3435 Canobium
1361 3362 1458 3433 ibi
1507 3361 1723 3434 dedit.

466 3462 574 3534 De
596 3461 758 3535 aliis
794 3462 1072 3535 duobus
1105 3460 1494 3556 comitibuS,
1530 3463 1813 3557 Roqero
1842 3459 2111 3534 scilicet
2134 3459 2499 3557 etObertO,

665 3564 785 3658 qui
830 3560 933 3633 >ibi
978 3568 1436 3657 sumpserunt
1480 3562 1804 3634 habitum
1855 3560 2231 3654 reliyionis.
2329 3611 2337 3621 v-

467 3660 576 3733 De
608 3668 881 3735 'sancto
910 3663 1294 3736 Benedicto
1329 3668 1542 3756 patre
1592 3668 1865 3755 nostro,
1918 3661 2039 3757 qui
2087 3660 2184 3732 ibi
2213 3661 2501 3734 cuidam

359 3770 366 3773 ’
665 3763 890 3848 fratri
931 3786 1066 3856 per
1113 3764 1542 3834 matutinum
1592 3763 1949 3858 apparuit.

469 3862 574 3935 De
624 3861 944 3934 Iohanne
981 3860 1281 3956 abbate,
1337 3868 1551 3959 atque
1599 3862 1687 3935 de
1738 3862 2013 3936 Gezone
2058 3860 2389 3957 prudenti
2440 3867 2509 3932 et

665 3962 912 4035 humili
957 3963 1128 4035 viro.
1676 4019 1684 4028 .

468 4062 574 4134 De
625 4064 996 4158 Bruninyo
1050 4061 1424 4135 monacho.

469 4160 575 4232 De
645 4162 900 4236 Uberto
943 4164 1379 4259 praeposito.
