<?xml version="1.0" encoding="UTF-8"?>
<!DOCTYPE html PUBLIC "-//W3C//DTD XHTML 1.0 Transitional//EN"
    "http://www.w3.org/TR/xhtml1/DTD/xhtml1-transitional.dtd">
<html xmlns="http://www.w3.org/1999/xhtml" xml:lang="en" lang="en">
 <head>
  <title>
</title>
<meta http-equiv="Content-Type" content="text/html;charset=utf-8" />
  <meta name='ocr-system' content='tesseract 3.04.00' />
  <meta name='ocr-capabilities' content='ocr_page ocr_carea ocr_par ocr_line ocrx_word'/>
</head>
<body>
  <div class='ocr_page' id='page_1' title='image "./chroniconnovali00unkngoog_0064.png"; bbox 0 0 3034 4900; ppageno 0'>
   <div class='ocr_carea' id='block_1_1' title="bbox 538 319 2279 451">
    <p class='ocr_par' dir='ltr' id='par_1_1' title="bbox 538 319 2279 451">
     <span class='ocr_line' id='line_1_1' title="bbox 538 319 2279 451; baseline -0.005 -1"><span class='ocrx_word' id='word_1_1' title='bbox 538 319 642 451; x_wconf 69' lang='lat'>56</span> <span class='ocrx_word' id='word_1_2' title='bbox 962 369 1535 447; x_wconf 74' lang='lat' dir='ltr'>cflssomcoN·</span> <span class='ocrx_word' id='word_1_3' title='bbox 1570 369 2279 446; x_wconf 74' lang='lat' dir='ltr'>NovAmcmNss.</span> 
     </span>
    </p>
   </div>
   <div class='ocr_carea' id='block_1_2' title="bbox 507 553 2771 4245">
    <p class='ocr_par' dir='ltr' id='par_1_2' title="bbox 517 553 2771 3143">
     <span class='ocr_line' id='line_1_2' title="bbox 537 553 2771 652; baseline -0.002 -20"><span class='ocrx_word' id='word_1_4' title='bbox 537 555 937 632; x_wconf 86' lang='lat' dir='ltr'>comedens</span> <span class='ocrx_word' id='word_1_5' title='bbox 973 553 1382 651; x_wconf 78' lang='lat' dir='ltr'><strong>medullas,</strong></span> <span class='ocrx_word' id='word_1_6' title='bbox 1438 554 1648 651; x_wconf 81' lang='lat' dir='ltr'>quasi</span> <span class='ocrx_word' id='word_1_7' title='bbox 1686 555 1803 627; x_wconf 90' lang='lat' dir='ltr'>leo</span> <span class='ocrx_word' id='word_1_8' title='bbox 1854 555 2192 628; x_wconf 84' lang='lat' dir='ltr'>esuriens</span> <span class='ocrx_word' id='word_1_9' title='bbox 2242 577 2517 628; x_wconf 82' lang='lat' dir='ltr'>vorans</span> <span class='ocrx_word' id='word_1_10' title='bbox 2560 577 2771 652; x_wconf 51' lang='lat' dir='ltr'>pre-3</span> 
     </span>
     <span class='ocr_line' id='line_1_3' title="bbox 537 653 2727 750; baseline 0 -22"><span class='ocrx_word' id='word_1_11' title='bbox 537 658 730 730; x_wconf 86' lang='lat' dir='ltr'>dam.</span> <span class='ocrx_word' id='word_1_12' title='bbox 807 655 1252 750; x_wconf 79' lang='lat' dir='ltr'>Fragmenta</span> <span class='ocrx_word' id='word_1_13' title='bbox 1305 678 1486 750; x_wconf 83' lang='lat' dir='ltr'>ergo</span> <span class='ocrx_word' id='word_1_14' title='bbox 1542 654 1827 727; x_wconf 85' lang='lat' dir='ltr'>ossium</span> <span class='ocrx_word' id='word_1_15' title='bbox 1878 653 2157 728; x_wconf 87' lang='lat' dir='ltr'>iaciens.</span> <span class='ocrx_word' id='word_1_16' title='bbox 2206 653 2464 727; x_wconf 86' lang='lat' dir='ltr'><strong>subtus</strong></span> <span class='ocrx_word' id='word_1_17' title='bbox 2517 655 2727 729; x_wconf 74' lang='lat' dir='ltr'>tabu-</span> 
     </span>
     <span class='ocr_line' id='line_1_4' title="bbox 538 754 2725 851; baseline 0 -23"><span class='ocrx_word' id='word_1_18' title='bbox 538 758 733 851; x_wconf 86' lang='lat' dir='ltr'>lam,</span> <span class='ocrx_word' id='word_1_19' title='bbox 789 755 1152 851; x_wconf 77' lang='lat' dir='ltr'>fecitque</span> <span class='ocrx_word' id='word_1_20' title='bbox 1149 779 1298 826; x_wconf 88' lang='grc' dir='ltr'>ιιοιι</span> <span class='ocrx_word' id='word_1_21' title='bbox 1351 754 1722 827; x_wconf 85' lang='lat' dir='ltr'><strong>modicam</strong></span> <span class='ocrx_word' id='word_1_22' title='bbox 1775 779 2057 850; x_wconf 82' lang='lat' dir='ltr'><strong>pyram.</strong></span> <span class='ocrx_word' id='word_1_23' title='bbox 2142 754 2477 850; x_wconf 82' lang='lat' dir='ltr'>Surgens</span> <span class='ocrx_word' id='word_1_24' title='bbox 2516 781 2725 828; x_wconf 87' lang='lat' dir='ltr'>nam·-</span> 
     </span>
     <span class='ocr_line' id='line_1_5' title="bbox 539 841 2723 957; baseline 0.001 -29"><span class='ocrx_word' id='word_1_25' title='bbox 539 880 680 953; x_wconf 77' lang='lat' dir='ltr'>que</span> <span class='ocrx_word' id='word_1_26' title='bbox 721 856 890 928; x_wconf 90' lang='lat' dir='ltr'>inde</span> <span class='ocrx_word' id='word_1_27' title='bbox 923 841 1247 957; x_wconf 73' lang='lat' dir='ltr'>Algisus,</span> <span class='ocrx_word' id='word_1_28' title='bbox 1303 864 1474 926; x_wconf 88' lang='lat' dir='ltr'>ante</span> <span class='ocrx_word' id='word_1_29' title='bbox 1520 855 1702 926; x_wconf 85' lang='lat' dir='ltr'>alios</span> <span class='ocrx_word' id='word_1_30' title='bbox 1758 854 1955 927; x_wconf 85' lang='lat' dir='ltr'>abiit.</span> <span class='ocrx_word' id='word_1_31' title='bbox 2033 857 2125 926; x_wconf 90' lang='lat' dir='ltr'>At</span> <span class='ocrx_word' id='word_1_32' title='bbox 2178 879 2307 927; x_wconf 87' lang='lat' dir='ltr'>rex</span> <span class='ocrx_word' id='word_1_33' title='bbox 2355 859 2521 927; x_wconf 88' lang='lat' dir='ltr'>cum</span> <span class='ocrx_word' id='word_1_34' title='bbox 2564 881 2723 932; x_wconf 79' lang='lat' dir='ltr'>sur-</span> 
     </span>
     <span class='ocr_line' id='line_1_6' title="bbox 536 953 2723 1052; baseline -0 -24"><span class='ocrx_word' id='word_1_35' title='bbox 536 955 851 1028; x_wconf 88' lang='lat' dir='ltr'>rexisset</span> <span class='ocrx_word' id='word_1_36' title='bbox 889 979 928 1025; x_wconf 90' lang='lat' dir='ltr'>a</span> <span class='ocrx_word' id='word_1_37' title='bbox 977 979 1257 1049; x_wconf 87' lang='lat' dir='ltr'>mensa,</span> <span class='ocrx_word' id='word_1_38' title='bbox 1303 953 1681 1051; x_wconf 83' lang='lat' dir='ltr'>perspexit</span> <span class='ocrx_word' id='word_1_39' title='bbox 1708 964 1781 1026; x_wconf 84' lang='lat' dir='ltr'>et</span> <span class='ocrx_word' id='word_1_40' title='bbox 1809 954 1989 1026; x_wconf 90' lang='lat' dir='ltr'>vidit</span> <span class='ocrx_word' id='word_1_41' title='bbox 2015 978 2273 1052; x_wconf 83' lang='lat' dir='ltr'>pyram</span> <span class='ocrx_word' id='word_1_42' title='bbox 2313 955 2723 1052; x_wconf 81' lang='lat' dir='ltr'>predictam</span> 
     </span>
     <span class='ocr_line' id='line_1_7' title="bbox 536 1053 2723 1151; baseline -0.002 -21"><span class='ocrx_word' id='word_1_43' title='bbox 536 1054 794 1130; x_wconf 76' lang='lat' dir='ltr'>subtus</span> <span class='ocrx_word' id='word_1_44' title='bbox 847 1054 1221 1148; x_wconf 83' lang='lat' dir='ltr'>tabulam,</span> <span class='ocrx_word' id='word_1_45' title='bbox 1277 1067 1352 1126; x_wconf 91' lang='lat' dir='ltr'>et</span> <span class='ocrx_word' id='word_1_46' title='bbox 1407 1054 1536 1125; x_wconf 88' lang='lat' dir='ltr'>ait:</span> <span class='ocrx_word' id='word_1_47' title='bbox 1612 1053 1815 1150; x_wconf 73' lang='lat' dir='ltr'>QuiS,</span> <span class='ocrx_word' id='word_1_48' title='bbox 1884 1053 2179 1151; x_wconf 89' lang='lat' dir='ltr'>inquid,</span> <span class='ocrx_word' id='word_1_49' title='bbox 2198 1075 2275 1126; x_wconf 88' lang='lat' dir='ltr'>o</span> <span class='ocrx_word' id='word_1_50' title='bbox 2324 1055 2559 1150; x_wconf 72' lang='lat' dir='ltr'>Deus,</span> <span class='ocrx_word' id='word_1_51' title='bbox 2610 1055 2723 1127; x_wconf 79' lang='lat' dir='ltr'>hic</span> 
     </span>
     <span class='ocr_line' id='line_1_8' title="bbox 535 1153 2723 1266; baseline 0.001 -40"><span class='ocrx_word' id='word_1_52' title='bbox 535 1161 744 1228; x_wconf 75' lang='lat' dir='ltr'>tanta</span> <span class='ocrx_word' id='word_1_53' title='bbox 797 1155 1150 1248; x_wconf 71' lang='lat' dir='ltr'>confreyit</span> <span class='ocrx_word' id='word_1_54' title='bbox 1197 1153 1434 1226; x_wconf 64' lang='lat' dir='ltr'>ossa?</span> <span class='ocrx_word' id='word_1_55' title='bbox 1473 1155 1811 1266; x_wconf 87' lang='lat' dir='ltr'>Cumque</span> <span class='ocrx_word' id='word_1_56' title='bbox 1858 1178 2119 1228; x_wconf 88' lang='lat' dir='ltr'>omnes</span> <span class='ocrx_word' id='word_1_57' title='bbox 2161 1155 2723 1252; x_wconf 81' lang='lat' dir='ltr'>respondissent</span> 
     </span>
     <span class='ocr_line' id='line_1_9' title="bbox 535 1252 2723 1349; baseline -0.001 -21"><span class='ocrx_word' id='word_1_58' title='bbox 535 1279 615 1328; x_wconf 87' lang='lat' dir='ltr'>se</span> <span class='ocrx_word' id='word_1_59' title='bbox 671 1255 980 1349; x_wconf 88' lang='lat' dir='ltr'>nescire,</span> <span class='ocrx_word' id='word_1_60' title='bbox 1036 1278 1224 1327; x_wconf 91' lang='lat' dir='ltr'>unus</span> <span class='ocrx_word' id='word_1_61' title='bbox 1277 1252 1547 1325; x_wconf 89' lang='lat' dir='ltr'>adiecit</span> <span class='ocrx_word' id='word_1_62' title='bbox 1599 1264 1675 1325; x_wconf 93' lang='lat' dir='ltr'>et</span> <span class='ocrx_word' id='word_1_63' title='bbox 1722 1253 1857 1326; x_wconf 86' lang='lat' dir='ltr'>ait:</span> <span class='ocrx_word' id='word_1_64' title='bbox 1921 1253 2074 1325; x_wconf 76' lang='lat' dir='ltr'>Vidi</span> <span class='ocrx_word' id='word_1_65' title='bbox 2110 1277 2240 1349; x_wconf 72' lang='lat' dir='ltr'>eqo</span> <span class='ocrx_word' id='word_1_66' title='bbox 2283 1255 2397 1328; x_wconf 83' lang='lat' dir='ltr'>hic</span> <span class='ocrx_word' id='word_1_67' title='bbox 2434 1255 2723 1328; x_wconf 83' lang='lat' dir='ltr'>militem</span> 
     </span>
     <span class='ocr_line' id='line_1_10' title="bbox 535 1353 2723 1450; baseline 0.001 -24"><span class='ocrx_word' id='word_1_68' title='bbox 535 1353 846 1426; x_wconf 77' lang='lat' dir='ltr'>residere</span> <span class='ocrx_word' id='word_1_69' title='bbox 889 1355 1315 1447; x_wconf 77' lang='lat' dir='ltr'>perfortem,</span> <span class='ocrx_word' id='word_1_70' title='bbox 1367 1355 1490 1448; x_wconf 81' lang='lat' dir='ltr'>qui</span> <span class='ocrx_word' id='word_1_71' title='bbox 1541 1358 1799 1424; x_wconf 81' lang='lat' dir='ltr'>cuncta</span> <span class='ocrx_word' id='word_1_72' title='bbox 1853 1355 2139 1425; x_wconf 82' lang='lat' dir='ltr'>cervina</span> <span class='ocrx_word' id='word_1_73' title='bbox 2193 1356 2581 1450; x_wconf 79' lang='lat' dir='ltr'>ursinaque</span> <span class='ocrx_word' id='word_1_74' title='bbox 2634 1379 2723 1428; x_wconf 81' lang='lat' dir='ltr'>ae</span> 
     </span>
     <span class='ocr_line' id='line_1_11' title="bbox 539 1453 2719 1549; baseline 0 -23"><span class='ocrx_word' id='word_1_75' title='bbox 539 1453 803 1526; x_wconf 75' lang='lat' dir='ltr'>bubina</span> <span class='ocrx_word' id='word_1_76' title='bbox 846 1454 1311 1549; x_wconf 71' lang='lat' dir='ltr'>confraqebat</span> <span class='ocrx_word' id='word_1_77' title='bbox 1351 1475 1546 1547; x_wconf 78' lang='lat' dir='ltr'>ossa,</span> <span class='ocrx_word' id='word_1_78' title='bbox 1600 1453 1809 1548; x_wconf 74' lang='lat' dir='ltr'>quasi</span> <span class='ocrx_word' id='word_1_79' title='bbox 1848 1455 2005 1548; x_wconf 75' lang='lat' dir='ltr'>quis</span> <span class='ocrx_word' id='word_1_80' title='bbox 2036 1456 2519 1548; x_wconf 71' lang='lat' dir='ltr'>confrinyeret</span> <span class='ocrx_word' id='word_1_81' title='bbox 2548 1478 2719 1527; x_wconf 80' lang='lat' dir='ltr'>can-</span> 
     </span>
     <span class='ocr_line' id='line_1_12' title="bbox 534 1552 2722 1649; baseline -0.002 -25"><span class='ocrx_word' id='word_1_82' title='bbox 534 1553 806 1624; x_wconf 75' lang='lat' dir='ltr'>nabimz</span> <span class='ocrx_word' id='word_1_83' title='bbox 845 1552 1127 1646; x_wconf 80' lang='lat' dir='ltr'>stipula.</span> <span class='ocrx_word' id='word_1_84' title='bbox 1232 1553 1693 1649; x_wconf 71' lang='lat' dir='ltr'>vocatusque</span> <span class='ocrx_word' id='word_1_85' title='bbox 1741 1563 1857 1626; x_wconf 87' lang='lat' dir='ltr'>est</span> <span class='ocrx_word' id='word_1_86' title='bbox 1906 1577 2081 1626; x_wconf 78' lang='lat' dir='ltr'>mox</span> <span class='ocrx_word' id='word_1_87' title='bbox 2121 1555 2247 1626; x_wconf 89' lang='lat' dir='ltr'>ille</span> <span class='ocrx_word' id='word_1_88' title='bbox 2300 1554 2571 1627; x_wconf 87' lang='lat' dir='ltr'>inlator</span> <span class='ocrx_word' id='word_1_89' title='bbox 2620 1555 2722 1628; x_wconf 72' lang='lat' dir='ltr'>ci..</span> 
     </span>
     <span class='ocr_line' id='line_1_13' title="bbox 532 1651 2722 1748; baseline 0.001 -24"><span class='ocrx_word' id='word_1_90' title='bbox 532 1653 798 1727; x_wconf 82' lang='lat' dir='ltr'>borum</span> <span class='ocrx_word' id='word_1_91' title='bbox 851 1663 1021 1725; x_wconf 89' lang='lat' dir='ltr'>ante</span> <span class='ocrx_word' id='word_1_92' title='bbox 1073 1676 1350 1748; x_wconf 80' lang='lat' dir='ltr'>regem.</span> <span class='ocrx_word' id='word_1_93' title='bbox 1443 1652 1577 1726; x_wconf 90' lang='lat' dir='ltr'>Cui</span> <span class='ocrx_word' id='word_1_94' title='bbox 1622 1651 1725 1725; x_wconf 87' lang='lat' dir='ltr'>ait</span> <span class='ocrx_word' id='word_1_95' title='bbox 1774 1676 1965 1725; x_wconf 77' lang='lat' dir='ltr'>rexz·</span> <span class='ocrx_word' id='word_1_96' title='bbox 1998 1653 2167 1742; x_wconf 75' lang='lat' dir='ltr'>Quis</span> <span class='ocrx_word' id='word_1_97' title='bbox 2218 1653 2327 1726; x_wconf 82' lang='lat' dir='ltr'>vel</span> <span class='ocrx_word' id='word_1_98' title='bbox 2360 1653 2547 1726; x_wconf 80' lang='lat' dir='ltr'>unde</span> <span class='ocrx_word' id='word_1_99' title='bbox 2582 1655 2722 1740; x_wconf 76' lang='lat' dir='ltr'>fuit</span> 
     </span>
     <span class='ocr_line' id='line_1_14' title="bbox 531 1751 2721 1848; baseline 0.001 -24"><span class='ocrx_word' id='word_1_100' title='bbox 531 1752 647 1826; x_wconf 77' lang='lat' dir='ltr'>ille</span> <span class='ocrx_word' id='word_1_101' title='bbox 697 1752 933 1847; x_wconf 80' lang='lat' dir='ltr'>miles,</span> <span class='ocrx_word' id='word_1_102' title='bbox 1004 1755 1121 1848; x_wconf 72' lang='lat' dir='ltr'>qui</span> <span class='ocrx_word' id='word_1_103' title='bbox 1175 1752 1284 1824; x_wconf 84' lang='lat' dir='ltr'>hic</span> <span class='ocrx_word' id='word_1_104' title='bbox 1335 1751 1521 1824; x_wconf 81' lang='lat' dir='ltr'>sedit</span> <span class='ocrx_word' id='word_1_105' title='bbox 1567 1758 1638 1824; x_wconf 79' lang='lat' dir='ltr'>et</span> <span class='ocrx_word' id='word_1_106' title='bbox 1682 1757 1892 1824; x_wconf 82' lang='lat' dir='ltr'>tanta</span> <span class='ocrx_word' id='word_1_107' title='bbox 1944 1776 2118 1826; x_wconf 79' lang='lat' dir='ltr'>ossa</span> <span class='ocrx_word' id='word_1_108' title='bbox 2170 1754 2384 1828; x_wconf 72' lang='lat' dir='ltr'>edens</span> <span class='ocrx_word' id='word_1_109' title='bbox 2434 1755 2721 1840; x_wconf 59' lang='lat' dir='ltr'>confree</span> 
     </span>
     <span class='ocr_line' id='line_1_15' title="bbox 533 1851 2717 1951; baseline 0.001 -28"><span class='ocrx_word' id='word_1_110' title='bbox 533 1853 685 1946; x_wconf 73' lang='lat' dir='ltr'>yit?</span> <span class='ocrx_word' id='word_1_111' title='bbox 735 1852 1143 1951; x_wconf 78' lang='lat' dir='ltr'>Respondit</span> <span class='ocrx_word' id='word_1_112' title='bbox 1184 1864 1260 1925; x_wconf 87' lang='lat' dir='ltr'>et</span> <span class='ocrx_word' id='word_1_113' title='bbox 1321 1852 1463 1950; x_wconf 82' lang='lat' dir='ltr'>ait:</span> <span class='ocrx_word' id='word_1_114' title='bbox 1528 1851 1829 1947; x_wconf 72' lang='lat' dir='ltr'>Nescio,</span> <span class='ocrx_word' id='word_1_115' title='bbox 1896 1857 1995 1926; x_wconf 81' lang='lat' dir='ltr'>mi</span> <span class='ocrx_word' id='word_1_116' title='bbox 2045 1855 2345 1928; x_wconf 82' lang='lat' dir='ltr'>domine.</span> <span class='ocrx_word' id='word_1_117' title='bbox 2444 1857 2537 1928; x_wconf 86' lang='lat' dir='ltr'>Et</span> <span class='ocrx_word' id='word_1_118' title='bbox 2584 1878 2717 1927; x_wconf 86' lang='lat' dir='ltr'>rex</span> 
     </span>
     <span class='ocr_line' id='line_1_16' title="bbox 531 1951 2711 2065; baseline 0 -39"><span class='ocrx_word' id='word_1_119' title='bbox 531 1952 671 2027; x_wconf 85' lang='lat' dir='ltr'>Per</span> <span class='ocrx_word' id='word_1_120' title='bbox 719 1975 1088 2045; x_wconf 82' lang='lat' dir='ltr'>coronam,</span> <span class='ocrx_word' id='word_1_121' title='bbox 1143 1951 1418 2048; x_wconf 89' lang='lat' dir='ltr'>inquid,</span> <span class='ocrx_word' id='word_1_122' title='bbox 1472 1955 1728 2065; x_wconf 65' lang='lat' dir='ltr'>capitis</span> <span class='ocrx_word' id='word_1_123' title='bbox 1778 1956 1918 2026; x_wconf 81' lang='lat' dir='ltr'>mei</span> <span class='ocrx_word' id='word_1_124' title='bbox 1926 2009 1948 2047; x_wconf 84' lang='grc'>,</span> <span class='ocrx_word' id='word_1_125' title='bbox 2003 1960 2079 2025; x_wconf 81' lang='lat' dir='ltr'>tu</span> <span class='ocrx_word' id='word_1_126' title='bbox 2128 1958 2335 2028; x_wconf 80' lang='lat' dir='ltr'>nosti.</span> <span class='ocrx_word' id='word_1_127' title='bbox 2440 1955 2711 2027; x_wconf 86' lang='lat' dir='ltr'>Videns</span> 
     </span>
     <span class='ocr_line' id='line_1_17' title="bbox 532 2052 2715 2150; baseline 0.001 -25"><span class='ocrx_word' id='word_1_128' title='bbox 532 2063 783 2125; x_wconf 71' lang='lat' dir='ltr'>autem</span> <span class='ocrx_word' id='word_1_129' title='bbox 847 2076 928 2125; x_wconf 91' lang='lat' dir='ltr'>se</span> <span class='ocrx_word' id='word_1_130' title='bbox 999 2053 1589 2149; x_wconf 86' lang='lat' dir='ltr'>deprehensum,</span> <span class='ocrx_word' id='word_1_131' title='bbox 1659 2053 1901 2124; x_wconf 88' lang='lat' dir='ltr'>timuit</span> <span class='ocrx_word' id='word_1_132' title='bbox 1968 2052 2279 2150; x_wconf 83' lang='lat' dir='ltr'>ilicoque</span> <span class='ocrx_word' id='word_1_133' title='bbox 2350 2053 2715 2127; x_wconf 89' lang='lat' dir='ltr'>conticuit.</span> 
     </span>
     <span class='ocr_line' id='line_1_18' title="bbox 531 2151 2714 2266; baseline 0 -41"><span class='ocrx_word' id='word_1_134' title='bbox 531 2153 717 2226; x_wconf 89' lang='lat' dir='ltr'>Cum</span> <span class='ocrx_word' id='word_1_135' title='bbox 782 2157 1032 2224; x_wconf 85' lang='lat' dir='ltr'>autem</span> <span class='ocrx_word' id='word_1_136' title='bbox 1083 2175 1212 2224; x_wconf 80' lang='lat' dir='ltr'>rex</span> <span class='ocrx_word' id='word_1_137' title='bbox 1267 2153 1509 2226; x_wconf 86' lang='lat' dir='ltr'>animo</span> <span class='ocrx_word' id='word_1_138' title='bbox 1574 2151 2069 2250; x_wconf 82' lang='lat' dir='ltr'>percepisset,</span> <span class='ocrx_word' id='word_1_139' title='bbox 2142 2152 2345 2266; x_wconf 78' lang='lat' dir='ltr'>quod</span> <span class='ocrx_word' id='word_1_140' title='bbox 2414 2153 2714 2248; x_wconf 80' lang='lat' dir='ltr'>Algisus</span> 
     </span>
     <span class='ocr_line' id='line_1_19' title="bbox 527 2250 2714 2368; baseline 0.002 -46"><span class='ocrx_word' id='word_1_141' title='bbox 527 2250 794 2327; x_wconf 85' lang='lat' dir='ltr'>fuisset</span> <span class='ocrx_word' id='word_1_142' title='bbox 843 2253 1011 2348; x_wconf 87' lang='lat' dir='ltr'>ille,</span> <span class='ocrx_word' id='word_1_143' title='bbox 1083 2253 1318 2325; x_wconf 84' lang='lat' dir='ltr'>valde</span> <span class='ocrx_word' id='word_1_144' title='bbox 1354 2251 1622 2350; x_wconf 78' lang='lat' dir='ltr'>doluit,</span> <span class='ocrx_word' id='word_1_145' title='bbox 1676 2252 1873 2366; x_wconf 81' lang='lat' dir='ltr'>quod</span> <span class='ocrx_word' id='word_1_146' title='bbox 1926 2253 2029 2326; x_wconf 89' lang='lat' dir='ltr'>ita</span> <span class='ocrx_word' id='word_1_147' title='bbox 2078 2253 2373 2368; x_wconf 88' lang='lat' dir='ltr'>inpunis</span> <span class='ocrx_word' id='word_1_148' title='bbox 2426 2252 2714 2326; x_wconf 84' lang='lat' dir='ltr'>omisis·-</span> 
     </span>
     <span class='ocr_line' id='line_1_20' title="bbox 530 2351 2717 2452; baseline 0 -27"><span class='ocrx_word' id='word_1_149' title='bbox 530 2364 647 2425; x_wconf 85' lang='lat' dir='ltr'>set</span> <span class='ocrx_word' id='word_1_150' title='bbox 713 2351 922 2426; x_wconf 85' lang='lat' dir='ltr'>illum</span> <span class='ocrx_word' id='word_1_151' title='bbox 975 2353 1216 2446; x_wconf 88' lang='lat' dir='ltr'>abire,</span> <span class='ocrx_word' id='word_1_152' title='bbox 1287 2354 1531 2448; x_wconf 83' lang='lat' dir='ltr'>aitque</span> <span class='ocrx_word' id='word_1_153' title='bbox 1585 2355 1779 2426; x_wconf 87' lang='lat' dir='ltr'>suis:</span> <span class='ocrx_word' id='word_1_154' title='bbox 1864 2353 2056 2447; x_wconf 79' lang='lat' dir='ltr'>Qua,</span> <span class='ocrx_word' id='word_1_155' title='bbox 2135 2353 2430 2452; x_wconf 88' lang='lat' dir='ltr'>inquid,</span> <span class='ocrx_word' id='word_1_156' title='bbox 2501 2359 2717 2447; x_wconf 67' lang='lat' dir='ltr'>parte</span> 
     </span>
     <span class='ocr_line' id='line_1_21' title="bbox 529 2451 2719 2545; baseline 0.001 -22"><span class='ocrx_word' id='word_1_157' title='bbox 529 2452 752 2527; x_wconf 61' lang='lat' dir='ltr'>abitt?</span> <span class='ocrx_word' id='word_1_158' title='bbox 803 2454 922 2527; x_wconf 91' lang='lat' dir='ltr'>Ait</span> <span class='ocrx_word' id='word_1_159' title='bbox 971 2454 1077 2525; x_wconf 85' lang='lat' dir='ltr'>illi</span> <span class='ocrx_word' id='word_1_160' title='bbox 1131 2476 1355 2524; x_wconf 91' lang='lat' dir='ltr'>unus:</span> <span class='ocrx_word' id='word_1_161' title='bbox 1411 2453 1719 2544; x_wconf 70' lang='lat' dir='ltr'>Naviqio</span> <span class='ocrx_word' id='word_1_162' title='bbox 1772 2474 1965 2543; x_wconf 71' lang='lat' dir='ltr'>erqo,</span> <span class='ocrx_word' id='word_1_163' title='bbox 2020 2451 2335 2545; x_wconf 77' lang='lat' dir='ltr'>domine,</span> <span class='ocrx_word' id='word_1_164' title='bbox 2386 2456 2592 2545; x_wconf 80' lang='lat' dir='ltr'>venit,</span> <span class='ocrx_word' id='word_1_165' title='bbox 2648 2460 2719 2525; x_wconf 73' lang='lat' dir='ltr'>et</span> 
     </span>
     <span class='ocr_line' id='line_1_22' title="bbox 523 2548 2709 2647; baseline 0 -24"><span class='ocrx_word' id='word_1_166' title='bbox 523 2554 629 2624; x_wconf 72' lang='lat' dir='ltr'>ita</span> <span class='ocrx_word' id='word_1_167' title='bbox 678 2555 1002 2647; x_wconf 79' lang='lat' dir='ltr'>suspicor</span> <span class='ocrx_word' id='word_1_168' title='bbox 1053 2574 1210 2625; x_wconf 83' lang='lat' dir='ltr'>eum</span> <span class='ocrx_word' id='word_1_169' title='bbox 1263 2550 1502 2627; x_wconf 71' lang='lat' dir='ltr'>abire.-</span> <span class='ocrx_word' id='word_1_170' title='bbox 1556 2550 1898 2645; x_wconf 87' lang='lat' dir='ltr'>Dixitque</span> <span class='ocrx_word' id='word_1_171' title='bbox 1948 2548 2109 2643; x_wconf 79' lang='lat' dir='ltr'>regi</span> <span class='ocrx_word' id='word_1_172' title='bbox 2187 2574 2227 2621; x_wconf 87' lang='lat' dir='ltr'>e</span> <span class='ocrx_word' id='word_1_173' title='bbox 2282 2550 2434 2621; x_wconf 88' lang='lat' dir='ltr'>suis</span> <span class='ocrx_word' id='word_1_174' title='bbox 2472 2551 2709 2623; x_wconf 87' lang='lat' dir='ltr'>alter·</span> 
     </span>
     <span class='ocr_line' id='line_1_23' title="bbox 535 2647 2702 2751; baseline -0.001 -26"><span class='ocrx_word' id='word_1_175' title='bbox 535 2652 669 2747; x_wconf 65' lang='lat' dir='ltr'>Vis,</span> <span class='ocrx_word' id='word_1_176' title='bbox 706 2653 975 2751; x_wconf 84' lang='lat' dir='ltr'>inquid</span> <span class='ocrx_word' id='word_1_177' title='bbox 997 2706 1018 2746; x_wconf 80' lang='lat'>,</span> <span class='ocrx_word' id='word_1_178' title='bbox 1071 2654 1170 2723; x_wconf 70' lang='lat' dir='ltr'>mi.-</span> <span class='ocrx_word' id='word_1_179' title='bbox 1217 2647 1519 2741; x_wconf 78' lang='lat' dir='ltr'>domine,</span> <span class='ocrx_word' id='word_1_180' title='bbox 1570 2656 1650 2721; x_wconf 79' lang='lat' dir='ltr'>&#39;ut</span> <span class='ocrx_word' id='word_1_181' title='bbox 1694 2671 2097 2745; x_wconf 72' lang='lat' dir='ltr'>persequar·</span> <span class='ocrx_word' id='word_1_182' title='bbox 2138 2648 2335 2721; x_wconf 78' lang='lat' dir='ltr'>illum</span> <span class='ocrx_word' id='word_1_183' title='bbox 2376 2654 2443 2719; x_wconf 77' lang='lat' dir='ltr'>et</span> <span class='ocrx_word' id='word_1_184' title='bbox 2490 2650 2702 2723; x_wconf 79' lang='lat' dir='ltr'>inter-</span> 
     </span>
     <span class='ocr_line' id='line_1_24' title="bbox 523 2747 2710 2845; baseline 0 -22"><span class='ocrx_word' id='word_1_185' title='bbox 523 2753 810 2839; x_wconf 65' lang='lat' dir='ltr'>ficiam?</span> <span class='ocrx_word' id='word_1_186' title='bbox 860 2752 1179 2845; x_wconf 81' lang='lat' dir='ltr'>dixitque</span> <span class='ocrx_word' id='word_1_187' title='bbox 1213 2749 1337 2822; x_wconf 88' lang='lat' dir='ltr'>illi</span> <span class='ocrx_word' id='word_1_188' title='bbox 1392 2772 1560 2820; x_wconf 86' lang='lat' dir='ltr'>rex·</span> <span class='ocrx_word' id='word_1_189' title='bbox 1636 2748 1995 2837; x_wconf 69' lang='lat' dir='ltr'>Qualiter?</span> <span class='ocrx_word' id='word_1_190' title='bbox 2042 2747 2215 2841; x_wconf 79' lang='lat' dir='ltr'>„Da</span> <span class='ocrx_word' id='word_1_191' title='bbox 2266 2748 2437 2821; x_wconf 73' lang='lat' dir='ltr'>mihi</span> <span class='ocrx_word' id='word_1_192' title='bbox 2487 2773 2710 2823; x_wconf 85' lang='lat' dir='ltr'>orna-</span> 
     </span>
     <span class='ocr_line' id='line_1_25' title="bbox 523 2848 2703 2941; baseline 0.001 -20"><span class='ocrx_word' id='word_1_193' title='bbox 523 2855 763 2921; x_wconf 70' lang='lat' dir='ltr'>menta</span> <span class='ocrx_word' id='word_1_194' title='bbox 811 2848 1272 2919; x_wconf 73' lang='lat' dir='ltr'>brachiorum</span> <span class='ocrx_word' id='word_1_195' title='bbox 1322 2853 1697 2941; x_wconf 72' lang='lat' dir='ltr'>tuom-m,</span> <span class='ocrx_word' id='word_1_196' title='bbox 1690 2854 1786 2919; x_wconf 77' lang='lat' dir='ltr'>et</span> <span class='ocrx_word' id='word_1_197' title='bbox 1845 2850 1921 2921; x_wconf 83' lang='lat' dir='ltr'>in</span> <span class='ocrx_word' id='word_1_198' title='bbox 1970 2850 2131 2941; x_wconf 81' lang='lat' dir='ltr'>ipsa</span> <span class='ocrx_word' id='word_1_199' title='bbox 2185 2871 2342 2920; x_wconf 77' lang='lat' dir='ltr'>eum</span> <span class='ocrx_word' id='word_1_200' title='bbox 2410 2850 2534 2921; x_wconf 74' lang='lat' dir='ltr'>tibi</span> <span class='ocrx_word' id='word_1_201' title='bbox 2585 2850 2703 2929; x_wconf 78' lang='lat' dir='ltr'>de—</span> 
     </span>
     <span class='ocr_line' id='line_1_26' title="bbox 519 2946 2705 3089; baseline 0.001 -70"><span class='ocrx_word' id='word_1_202' title='bbox 519 2946 852 3041; x_wconf 75' lang='lat' dir='ltr'>cipiam.“</span> <span class='ocrx_word' id='word_1_203' title='bbox 949 2946 1168 3019; x_wconf 87' lang='lat' dir='ltr'>Dedit</span> <span class='ocrx_word' id='word_1_204' title='bbox 1209 2971 1529 3044; x_wconf 87' lang='lat' dir='ltr'>namque</span> <span class='ocrx_word' id='word_1_205' title='bbox 1585 2948 1687 3020; x_wconf 89' lang='lat' dir='ltr'>illi</span> <span class='ocrx_word' id='word_1_206' title='bbox 1742 2972 1869 3019; x_wconf 83' lang='lat' dir='ltr'>rex</span> <span class='ocrx_word' id='word_1_207' title='bbox 1918 2948 2276 3021; x_wconf 82' lang='lat' dir='ltr'>dextralia</span> <span class='ocrx_word' id='word_1_208' title='bbox 2314 2954 2578 3089; x_wconf 82' lang='lat' dir='ltr'>aurea,</span> <span class='ocrx_word' id='word_1_209' title='bbox 2632 2962 2705 3022; x_wconf 88' lang='lat' dir='ltr'>et</span> 
     </span>
     <span class='ocr_line' id='line_1_27' title="bbox 517 3046 2671 3161; baseline 0.003 -44"><span class='ocrx_word' id='word_1_210' title='bbox 517 3049 888 3119; x_wconf 85' lang='lat' dir='ltr'>insecutus</span> <span class='ocrx_word' id='word_1_211' title='bbox 942 3056 1057 3118; x_wconf 89' lang='lat' dir='ltr'>est</span> <span class='ocrx_word' id='word_1_212' title='bbox 1109 3068 1322 3161; x_wconf 79' lang='lat' dir='ltr'>eum,</span> <span class='ocrx_word' id='word_1_213' title='bbox 1398 3058 1480 3121; x_wconf 93' lang='lat' dir='ltr'>ut</span> <span class='ocrx_word' id='word_1_214' title='bbox 1532 3046 2000 3124; x_wconf 83' lang='lat' dir='ltr'>interficeret.</span> <span class='ocrx_word' id='word_1_215' title='bbox 2408 3080 2413 3085; x_wconf 94' lang='lat'>·</span> <span class='ocrx_word' id='word_1_216' title='bbox 2664 3104 2671 3111; x_wconf 79' lang='lat'><em>-</em></span> 
     </span>
    </p>

    <p class='ocr_par' dir='ltr' id='par_1_3' title="bbox 507 3108 2711 4245">
     <span class='ocr_line' id='line_1_28' title="bbox 665 3108 2698 3247; baseline 0.001 -28"><span class='ocrx_word' id='word_1_217' title='bbox 665 3147 782 3220; x_wconf 88' lang='grc'><em>22.</em></span> <span class='ocrx_word' id='word_1_218' title='bbox 837 3147 1172 3221; x_wconf 83' lang='lat' dir='ltr'>Cucurrit</span> <span class='ocrx_word' id='word_1_219' title='bbox 1210 3147 1433 3243; x_wconf 83' lang='lat' dir='ltr'>igitur</span> <span class='ocrx_word' id='word_1_220' title='bbox 1468 3147 1584 3220; x_wconf 89' lang='lat' dir='ltr'>vir</span> <span class='ocrx_word' id='word_1_221' title='bbox 1626 3150 1751 3221; x_wconf 86' lang='lat' dir='ltr'>ille</span> <span class='ocrx_word' id='word_1_222' title='bbox 1790 3160 1963 3247; x_wconf 84' lang='lat' dir='ltr'>post</span> <span class='ocrx_word' id='word_1_223' title='bbox 2012 3159 2218 3219; x_wconf 89' lang='lat' dir='ltr'>eum&#39;·</span> <span class='ocrx_word' id='word_1_224' title='bbox 2237 3173 2371 3245; x_wconf 90' lang='lat' dir='ltr'>per</span> <span class='ocrx_word' id='word_1_225' title='bbox 2421 3108 2698 3221; x_wconf 86' lang='lat' dir='ltr'>terram</span> 
     </span>
     <span class='ocr_line' id='line_1_29' title="bbox 515 3244 2699 3360; baseline 0.002 -43"><span class='ocrx_word' id='word_1_226' title='bbox 515 3244 890 3360; x_wconf 75' lang='lat' dir='ltr'>citissime,</span> <span class='ocrx_word' id='word_1_227' title='bbox 945 3247 1178 3335; x_wconf 81' lang='lat' dir='ltr'>donec</span> <span class='ocrx_word' id='word_1_228' title='bbox 1230 3247 1528 3321; x_wconf 89' lang='lat' dir='ltr'>invenit.</span> <span class='ocrx_word' id='word_1_229' title='bbox 1633 3248 1821 3337; x_wconf 84' lang='lat' dir='ltr'>Qui</span> <span class='ocrx_word' id='word_1_230' title='bbox 1820 3273 2013 3321; x_wconf 91' lang='lat' dir='ltr'>cum</span> <span class='ocrx_word' id='word_1_231' title='bbox 2068 3248 2371 3322; x_wconf 85' lang='lat' dir='ltr'>vidisset</span> <span class='ocrx_word' id='word_1_232' title='bbox 2419 3251 2699 3348; x_wconf 82' lang='lat' dir='ltr'>procul,</span> 
     </span>
     <span class='ocr_line' id='line_1_30' title="bbox 516 3346 2697 3446; baseline 0.002 -28"><span class='ocrx_word' id='word_1_233' title='bbox 516 3346 808 3420; x_wconf 87' lang='lat' dir='ltr'>vocavit</span> <span class='ocrx_word' id='word_1_234' title='bbox 857 3371 1027 3419; x_wconf 90' lang='lat' dir='ltr'>eum</span> <span class='ocrx_word' id='word_1_235' title='bbox 1083 3348 1392 3421; x_wconf 89' lang='lat' dir='ltr'>nomine</span> <span class='ocrx_word' id='word_1_236' title='bbox 1433 3374 1591 3421; x_wconf 88' lang='lat' dir='ltr'>suo.</span> <span class='ocrx_word' id='word_1_237' title='bbox 1706 3350 1893 3421; x_wconf 86' lang='lat' dir='ltr'>Nam</span> <span class='ocrx_word' id='word_1_238' title='bbox 1947 3372 2115 3421; x_wconf 92' lang='lat' dir='ltr'>cum</span> <span class='ocrx_word' id='word_1_239' title='bbox 2166 3350 2697 3446; x_wconf 76' lang='lat' dir='ltr'>respondisset,</span> 
     </span>
     <span class='ocr_line' id='line_1_31' title="bbox 513 3446 2695 3562; baseline 0.002 -45"><span class='ocrx_word' id='word_1_240' title='bbox 513 3446 912 3520; x_wconf 86' lang='lat' dir='ltr'>insinuavit</span> <span class='ocrx_word' id='word_1_241' title='bbox 959 3448 1090 3543; x_wconf 88' lang='lat' dir='ltr'>illi,</span> <span class='ocrx_word' id='word_1_242' title='bbox 1144 3448 1337 3562; x_wconf 76' lang='lat' dir='ltr'>quod</span> <span class='ocrx_word' id='word_1_243' title='bbox 1382 3450 1699 3521; x_wconf 86' lang='lat' dir='ltr'>Karolus</span> <span class='ocrx_word' id='word_1_244' title='bbox 1754 3446 1821 3519; x_wconf 89' lang='lat' dir='ltr'>ei</span> <span class='ocrx_word' id='word_1_245' title='bbox 1874 3472 2009 3521; x_wconf 89' lang='lat' dir='ltr'>sua</span> <span class='ocrx_word' id='word_1_246' title='bbox 2062 3448 2419 3521; x_wconf 84' lang='lat' dir='ltr'>dextralia</span> <span class='ocrx_word' id='word_1_247' title='bbox 2472 3474 2695 3522; x_wconf 83' lang='lat' dir='ltr'>aurea</span> 
     </span>
     <span class='ocr_line' id='line_1_32' title="bbox 511 3547 2713 3646; baseline 0.001 -29"><span class='ocrx_word' id='word_1_248' title='bbox 511 3568 821 3619; x_wconf 86' lang='lat' dir='ltr'>munere</span> <span class='ocrx_word' id='word_1_249' title='bbox 874 3548 1445 3641; x_wconf 79' lang='lat' dir='ltr'>transmisisset</span> <span class='ocrx_word' id='word_1_250' title='bbox 1522 3548 1973 3644; x_wconf 86' lang='lat' dir='ltr'>culpansque</span> <span class='ocrx_word' id='word_1_251' title='bbox 2025 3547 2275 3644; x_wconf 85' lang='lat' dir='ltr'>illum,</span> <span class='ocrx_word' id='word_1_252' title='bbox 2346 3550 2543 3646; x_wconf 91' lang='lat' dir='ltr'>quod</span> <span class='ocrx_word' id='word_1_253' title='bbox 2592 3550 2713 3621; x_wconf 78' lang='lat' dir='ltr'>ita.</span> 
     </span>
     <span class='ocr_line' id='line_1_33' title="bbox 513 3644 2709 3745; baseline 0.003 -30"><span class='ocrx_word' id='word_1_254' title='bbox 513 3644 706 3716; x_wconf 89' lang='lat' dir='ltr'>clam</span> <span class='ocrx_word' id='word_1_255' title='bbox 759 3645 1276 3742; x_wconf 68' lang='lat' dir='ltr'>abscessisset,</span> <span class='ocrx_word' id='word_1_256' title='bbox 1299 3645 1791 3744; x_wconf 69' lang='lat' dir='ltr'>addiditque,</span> <span class='ocrx_word' id='word_1_257' title='bbox 1848 3658 1929 3719; x_wconf 88' lang='lat' dir='ltr'>ut</span> <span class='ocrx_word' id='word_1_258' title='bbox 1984 3672 2253 3722; x_wconf 88' lang='lat' dir='ltr'>navem</span> <span class='ocrx_word' id='word_1_259' title='bbox 2304 3648 2398 3721; x_wconf 88' lang='lat' dir='ltr'>ad</span> <span class='ocrx_word' id='word_1_260' title='bbox 2454 3648 2709 3745; x_wconf 86' lang='lat' dir='ltr'>ripam·</span> 
     </span>
     <span class='ocr_line' id='line_1_34' title="bbox 510 3744 2690 3841; baseline 0.001 -26"><span class='ocrx_word' id='word_1_261' title='bbox 510 3766 745 3841; x_wconf 89' lang='lat' dir='ltr'>prope</span> <span class='ocrx_word' id='word_1_262' title='bbox 790 3744 1114 3816; x_wconf 79' lang='lat' dir='ltr'>declinai</span> <span class='ocrx_word' id='word_1_263' title='bbox 1119 3759 1212 3819; x_wconf 83' lang='lat' dir='ltr'>et</span> <span class='ocrx_word' id='word_1_264' title='bbox 1305 3747 1717 3819; x_wconf 84' lang='lat' dir='ltr'>Declinavit</span> <span class='ocrx_word' id='word_1_265' title='bbox 1755 3748 1879 3819; x_wconf 88' lang='lat' dir='ltr'>ille</span> <span class='ocrx_word' id='word_1_266' title='bbox 1924 3772 2097 3820; x_wconf 86' lang='lat' dir='ltr'>mox</span> <span class='ocrx_word' id='word_1_267' title='bbox 2140 3771 2427 3821; x_wconf 88' lang='lat' dir='ltr'>navem.</span> <span class='ocrx_word' id='word_1_268' title='bbox 2504 3748 2690 3818; x_wconf 87' lang='lat' dir='ltr'>Cum</span> 
     </span>
     <span class='ocr_line' id='line_1_35' title="bbox 511 3846 2711 3945; baseline 0.001 -31"><span class='ocrx_word' id='word_1_269' title='bbox 511 3850 782 3915; x_wconf 86' lang='lat' dir='ltr'>autem</span> <span class='ocrx_word' id='word_1_270' title='bbox 823 3868 1052 3942; x_wconf 82' lang='lat' dir='ltr'>prope</span> <span class='ocrx_word' id='word_1_271' title='bbox 1115 3850 1365 3941; x_wconf 72' lang='lat' dir='ltr'>³esset,</span> <span class='ocrx_word' id='word_1_272' title='bbox 1433 3846 1889 3945; x_wconf 85' lang='lat' dir='ltr'>vidissetque</span> <span class='ocrx_word' id='word_1_273' title='bbox 1954 3848 2473 3920; x_wconf 84' lang='lat' dir='ltr'>munusculum</span> <span class='ocrx_word' id='word_1_274' title='bbox 2524 3868 2711 3941; x_wconf 65' lang='lat' dir='ltr'>ple--</span> 
     </span>
     <span class='ocr_line' id='line_1_36' title="bbox 511 3940 2691 4045; baseline 0.002 -30"><span class='ocrx_word' id='word_1_275' title='bbox 511 3940 816 4015; x_wconf 75' lang='lat' dir='ltr'>dictum</span> <span class='ocrx_word' id='word_1_276' title='bbox 833 3970 930 4017; x_wconf 69' lang='grc' dir='ltr'>ιιι</span> <span class='ocrx_word' id='word_1_277' title='bbox 999 3945 1347 4017; x_wconf 84' lang='lat' dir='ltr'>sumitate</span> <span class='ocrx_word' id='word_1_278' title='bbox 1399 3946 1701 4019; x_wconf 85' lang='lat' dir='ltr'>lanceae</span> <span class='ocrx_word' id='word_1_279' title='bbox 1753 3946 1891 4019; x_wconf 89' lang='lat' dir='ltr'>sibi</span> <span class='ocrx_word' id='word_1_280' title='bbox 1944 3946 2266 4045; x_wconf 83' lang='lat' dir='ltr'>porrigi,</span> <span class='ocrx_word' id='word_1_281' title='bbox 2316 3943 2691 4020; x_wconf 85' lang='lat' dir='ltr'>intellexit</span> 
     </span>
     <span class='ocr_line' id='line_1_37' title="bbox 521 4044 2686 4140; baseline 0.002 -25"><span class='ocrx_word' id='word_1_282' title='bbox 521 4044 769 4116; x_wconf 85' lang='lat' dir='ltr'>statim</span> <span class='ocrx_word' id='word_1_283' title='bbox 823 4045 1101 4131; x_wconf 85' lang='lat' dir='ltr'>malum</span> <span class='ocrx_word' id='word_1_284' title='bbox 1152 4044 1290 4117; x_wconf 88' lang='lat' dir='ltr'>sibi</span> <span class='ocrx_word' id='word_1_285' title='bbox 1341 4045 1759 4119; x_wconf 46' lang='lat' dir='ltr'>inminere„</span> <span class='ocrx_word' id='word_1_286' title='bbox 1824 4046 2237 4140; x_wconf 84' lang='lat' dir='ltr'>Statimque</span> <span class='ocrx_word' id='word_1_287' title='bbox 2288 4044 2559 4118; x_wconf 89' lang='lat' dir='ltr'>iectam</span> <span class='ocrx_word' id='word_1_288' title='bbox 2612 4046 2686 4120; x_wconf 92' lang='lat' dir='ltr'>in</span> 
     </span>
     <span class='ocr_line' id='line_1_38' title="bbox 507 4126 2686 4245; baseline 0.003 -30"><span class='ocrx_word' id='word_1_289' title='bbox 507 4142 726 4217; x_wconf 84' lang='lat' dir='ltr'>dorso</span> <span class='ocrx_word' id='word_1_290' title='bbox 779 4126 1086 4217; x_wconf 82' lang='lat' dir='ltr'>loricam</span> <span class='ocrx_word' id='word_1_291' title='bbox 1139 4146 1643 4245; x_wconf 82' lang='lat' dir='ltr'>arripiensque</span> <span class='ocrx_word' id='word_1_292' title='bbox 1697 4150 2027 4218; x_wconf 83' lang='lat' dir='ltr'>lanceam</span> <span class='ocrx_word' id='word_1_293' title='bbox 2080 4143 2220 4219; x_wconf 89' lang='lat' dir='ltr'>ait:</span> <span class='ocrx_word' id='word_1_294' title='bbox 2274 4142 2357 4217; x_wconf 79' lang='lat' dir='ltr'>Si</span> <span class='ocrx_word' id='word_1_295' title='bbox 2404 4152 2485 4220; x_wconf 79' lang='lat' dir='ltr'>tu</span> <span class='ocrx_word' id='word_1_296' title='bbox 2526 4170 2686 4220; x_wconf 77' lang='lat' dir='ltr'>cum</span> 
     </span>
    </p>
   </div>
   <div class='ocr_carea' id='block_1_3' title="bbox 2986 3916 2998 4595">
    <p class='ocr_par' dir='ltr' id='par_1_4' title="bbox 2986 3916 2998 4595">
     <span class='ocr_line' id='line_1_39' title="bbox 2986 3916 2998 4595; baseline 0 0"><span class='ocrx_word' id='word_1_297' title='bbox 2986 3916 2998 4595; x_wconf 95' lang='lat' dir='ltr'> </span> 
     </span>
    </p>
   </div>
  </div>
 </body>
</html>
