3034 4900
545 345 644 422 64
981 339 1529 417 CHRONICON
1580 340 2287 418 NOVALICIENSE.

697 528 767 604 3.
857 527 1020 600 Non
1106 536 1222 600 est
1297 523 1512 598 nobis
1602 525 1965 622 ignaviter
2033 525 2549 625 accipiendum
2636 528 2730 602 de

546 631 809 726 Ugone
885 623 1396 722 callidissime,
1474 622 1598 722 qui
1672 626 1877 700 iussu
1948 650 2083 701 suo
2152 627 2551 702 labefactat
2612 651 2731 702 re-

547 751 780 826 gnum
847 726 1122 801 ltaliae.
1224 727 1298 798 Is
1367 737 1575 798 ortus
1645 737 1764 800 est
1810 727 1883 798 in
1946 726 2215 800 finibus
2266 726 2730 825 Viennensis⁷

549 826 1085 927 imperavitque
1153 849 1387 922 regno
1453 824 1726 900 ltaliae.
1848 827 1984 900 Hic
2050 826 2367 926 denique
2427 827 2733 902 mittens

549 929 999 1002 auriculares
1067 938 1142 1001 et
1207 939 1657 1024 praecones,
1738 925 1859 1023 qui
1928 928 2332 1002 lustrarent
2400 928 2731 1001 civitates

547 1041 626 1103 et
675 1028 1052 1124 castellas,
1105 1049 1200 1098 ne
1257 1026 1597 1099 homines
1646 1025 2059 1100 inconsulto
2114 1028 2593 1125 loquerentur
2637 1025 2732 1100 de

551 1153 668 1225 eo,
719 1139 967 1202 tantus
999 1149 1316 1224 namque
1358 1149 1590 1224 pavor
1632 1125 1900 1199 invasit
1931 1137 2261 1224 cunctOS‚
2313 1139 2396 1200 ut
2426 1127 2731 1200 minime

549 1227 910 1302 auderent
960 1226 1160 1324 loqui
1225 1226 1474 1325 palam
1530 1226 1623 1298 de
1676 1249 1807 1318 eo,
1861 1228 1992 1300 sed
2044 1251 2255 1301 more
2310 1251 2734 1301 scurrarum

548 1353 686 1428 per
737 1329 1063 1400 calamos
1101 1328 1348 1398 fossos
1401 1325 1492 1396 ad
1534 1325 1851 1401 invicem
1902 1329 2327 1424 loquentes.²
2402 1327 2511 1401 sic
2560 1327 2732 1400 insi-

552 1429 712 1501 dias
765 1425 1128 1524 parabant
1195 1425 1284 1498 ei.
1403 1424 1575 1522 lpse
1638 1435 1886 1498 autem
1951 1449 2082 1500 rex
2145 1426 2400 1524 genuit
2468 1425 2732 1522 filium,

549 1526 989 1623 vocavitque
1032 1549 1203 1599 eum
1236 1524 1705 1620 Lotharium3
1760 1525 1882 1622 qui
1936 1528 2459 1601 convalescens
2502 1526 2595 1599 ad
2626 1526 2735 1598 iu·

553 1627 876 1701 venilem
929 1625 1265 1725 pervenit
1317 1636 1655 1698 aetatem.
1695 1655 1701 1662 ·
1761 1626 2050 1700 Gaudet
2089 1626 2355 1726 quippe
2394 1636 2607 1724 pater
2638 1625 2737 1698 de

555 1728 840 1802 semine
871 1726 1114 1822 necis;
1167 1726 1559 1821 coniugem
1592 1723 1855 1800 suadet
1887 1726 2239 1825 accipere.
2342 1725 2491 1800 Iste
2526 1749 2739 1798 nam·

553 1854 696 1928 que
749 1827 1270 1926 obtemperans
1323 1825 1621 1900 monitis
1675 1823 1933 1924 patris,
1986 1827 2380 1923 coniugem
2431 1824 2735 1923 accepit.

551 1932 771 2004 Pater
834 1952 1011 2001 vero
1074 1937 1246 2025 post
1307 1925 1605 2024 dotem,
1682 1951 2081 2000 succensus
2149 1928 2313 1998 face
2376 1925 2737 2021 luxuriae,

441 2109 444 2114 ,
555 2053 828 2132 nurum
859 2024 1102 2120 viciat,
1155 2038 1549 2122 antequam
1590 2026 1683 2098 ad
1719 2025 1850 2096 filii
1884 2025 2264 2124 perveniat
2299 2025 2737 2098 thalamum.

561 2133 624 2204 Ο
673 2126 922 2201 nefas!
1016 2124 1239 2197 libido
1315 2124 1681 2198 sodomita
1743 2123 2013 2222 inrepit
2080 2135 2371 2222 patreS,
2440 2135 2523 2198 ut
2584 2134 2740 2196 stu—

557 2253 775 2330 prum
843 2238 1233 2300 exerceant
1296 2225 1368 2299 in
1423 2249 1650 2298 nurus
1704 2233 1779 2296 et
1832 2223 2197 2298 etiam.in
2250 2222 2477 2320 filias,
2532 2233 2612 2296 ut
2661 2221 2741 2295 in

559 2342 719 2404 acta
787 2328 1056 2424 legitur
1107 2325 1501 2424 Apollonii.
1626 2323 1777 2397 Sed
1847 2323 2090 2398 divina
2158 2322 2397 2423 pietas
2465 2321 2740 2396 inultos

557 2430 814 2506 habire
867 2453 1012 2501 non
1066 2423 1445 2525 permittit.
1568 2421 1787 2495 Illum
1842 2447 2161 2522 namque
2213 2424 2523 2497 fulmine
2575 2445 2740 2521 per·

559 2530 774 2626 cuth,
845 2528 936 2601 ab
1007 2550 1096 2599 ea
1165 2524 1428 2598 celitus
1495 2521 1827 2597 missum.
1930 2525 2069 2598 Hic
2127 2534 2300 2623 post
2358 2534 2736 2623 perpetra·

561 2632 851 2705 cionem
911 2625 1118 2722 vicii,
1199 2624 1563 2698 vorticem
1626 2622 1901 2699 subivit
1967 2624 2141 2699 tetri
2220 2624 2427 2719 vadi3
2500 2632 2739 2697 morte

559 2753 878 2827 namque
929 2737 1358 2841 prereptu5‚
1425 2721 1749 2819 congrue
1801 2722 2131 2798 funditus
2186 2724 2433 2799 amisit
2494 2722 2739 2796 vitam.

561 2829 800 2905 Cuius.
854 2808 1050 2899 filius
1115 2826 1521 2898 succedens
1584 2824 1659 2899 in
1728 2850 2085 2922 regnum,
2150 2824 2387 2899 tenuit
2435 2822 2742 2895 Italiam.

557 2928 856 3003 Putrida
907 2925 1129 3022 igitur
1179 2924 1387 2997 radix
1440 2935 1644 2999 ortus
1697 2948 1787 2999 ex
1851 2925 2106 3023 spinis⁷
2155 2924 2415 2997 ledens
2468 2921 2741 3016 omnia.J

563 3041 638 3103 et
712 3049 897 3126 quae
971 3025 1266 3098 laedere
1329 3047 1476 3097 non
1545 3026 1803 3098 valens
1861 3022 2336 3097 conculcabat
2403 3019 2742 3118 pedibu5‚

561 3152 698 3229 per
746 3120 942 3201 viati)
995 3124 1380 3199 nocentiae
1435 3124 1738 3223 pertulit
1788 3147 2072 3221 passus.
2190 3121 2328 3194 Hic
2370 3120 2558 3192 'dum
2614 3118 2745 3191 ali-

562 3226 856 3328 quando
909 3227 1002 3301 de
1053 3226 1276 3325 Papia
1328 3226 1617 3298 veniret
1644 3224 2045 3298 Taurinum
2098 3245 2268 3295 cum
2319 3243 2549 3296 uxore
2584 3243 2744 3315 sua,

562 3329 749 3403 feria
801 3330 885 3425 4,
940 3352 1126 3427 quae
1179 3338 1296 3399 est
1348 3326 1462 3399 13.
1532 3324 1648 3397 die
1700 3322 1980 3398 mensis
2032 3321 2510 3417 Novembris⁷
2578 3342 2745 3418 pre-

566 3442 864 3530 ceptum
913 3428 1114 3502 dedit
1162 3424 1488 3499 Arduino
1543 3422 1948 3498 marchioni
2000 3422 2349 3497 abbaciae
2393 3420 2747 3493 Bremen-

567 3534 690 3607 sis-
821 3530 962 3619 Qui
1039 3552 1186 3601 non
1246 3534 1414 3623 post
1479 3524 1798 3595 multum
1858 3536 2152 3622 tempus
2229 3533 2563 3596 mortuus
2632 3528 2750 3593 est

563 3640 938 3706 transacto
969 3628 1092 3701 vix
1130 3624 1378 3725 spacio
1431 3622 1647 3695 unius
1699 3621 2008 3717 mensis,
2061 3620 2245 3696 feria
2282 3622 2357 3715 6,
2409 3642 2599 3720 quae
2632 3626 2750 3689 est

571 3733 689 3805 10.
755 3726 1129 3803 Kalendas
1195 3723 1669 3820 Decembris⁷
1739 3732 1815 3795 et
1886 3720 2387 3797 Mediolanum
2464 3725 2744 3806 vectus,

568 3827 812 3929 ibique
861 3823 1271 3901 tumulatur
1320 3824 1394 3895 in
1461 3823 1853 3922 sepulchro
1927 3822 2041 3897 sui
2093 3819 2464 3919 genitoris.

715 3929 785 4001 4.
853 3926 1031 3999 Post
1079 3932 1400 3997 mortem
1451 3923 1722 3994 horum
1772 3946 2038 4020 regum
2090 3915 2425 4015 regnavit
2471 3910 2749 3985 Beren-

569 4027 823 4127 garius
901 4049 1071 4098 cum
1151 4021 1302 4097 filio
1373 4045 1510 4094 suo
1594 4022 2013 4096 Adelberto.
2144 4016 2279 4090 Die
2356 4009 2751 4108 dominica,

569 4154 756 4229 quae
809 4138 923 4201 est
976 4126 1090 4199 15.
1147 4121 1266 4197 die
1318 4120 1627 4221 mensis,
1678 4122 1751 4199 in
1804 4120 2099 4195 civitate
2150 4114 2421 4213 Papiae
2476 4112 2569 4187 ad
2600 4110 2749 4185 {ab-
