3034 4900
537 373 587 446 4
983 367 1543 444 CHRONICON
1590 367 2299 446 Nova-LICIENSE.

545 551 894 666 pentibus
959 551 1284 652 oppidb;
1277 552 1601 628 infesta.
1704 552 1849 629 Hii
1921 575 2101 626 vero
2154 553 2569 652 monachi,
2616 566 2727 630 ut

545 678 774 751 supra
823 653 1033 748 dixi,.
1061 677 1226 726 cum
1278 652 1663 730 venissent
1712 653 1807 726 ad
1843 653 2205 726 abbatem
2252 610 2727 752 Etdeaeadum3·

545 755 1104 830 insinuaverunt
1168 752 1274 824 illi
1347 776 1651 830 omnem
1714 753 2134 826 molestiam
2197 752 2499 828 illarum
2575 779 2728 830 ser-

546 855 882 952 pentium
927 854 1294 930 dicentes:
1337 853 1673 956 Domine,
1718 853 2076 952 inquiunt,
2128 855 2495 950 nequimus
2533 855 2729 930 ultra

546 977 838 1029 manere
887 947 961 1026 in
1023 953 1322 1032 eundem
1369 953 1606 1028 locum
1621 1007 1685 1047 ,
1718 953 1839 1026 ahi
1890 959 2183 1027 actenus
2230 953 2727 1048 habitavimus,

541 1060 838 1150 propter
923 1053 1450 1128 multitudinem
1522 1054 1950 1146 serpentum
2029 1053 2197 1125 inibi
2273 1057 2729 1128 manentium.

547 1154 692 1244 Qui
731 1155 832 1228 ait
882 1152 1063 1226 iuis:
1114 1151 1346 1226 Nolite
1396 1152 1690 1268 timere&
1712 1152 1843 1224 sed
1882 1153 2307 1224 revertimini
2342 1160 2413 1226 et
2456 1160 2732 1228 terram

546 1253 750 1330 illam
789 1276 991 1328 more
1031 1252 1240 1326 solito
1289 1252 1707 1344 operamini
1809 1250 1967 1345 qu
2020 1253 2205 1323 enim
2256 1253 2442 1330 otius
2490 1254 2729 1326 subse-

549 1367 738 1450 quar
787 1376 935 1426 vos.
1048 1352 1205 1424 luis
1257 1359 1541 1424 autem
1560 1349 2197 1446 regredientibus
2268 1363 2563 1428 secutus
2608 1365 2731 1428 -est

549 1477 710 1528 eos
733 1451 963 1527 abbas
1013 1451 1144 1523 ille
1192 1449 1661 1526 venerabilis
1691 1473 1859 1524 cum
1913 1451 2305 1563 aliquantis
2354 1451 2728 1528 fratribus

547 1553 689 1630 Ubi
744 1576 910 1628 οιιιιι
951 1550 1415 1664 pervenisset
1467 1551 1560 1622 ad
1607 1550 2023 1664 predictum
2071 1550 2343 1646 vicum,
2396 1552 2728 1627 oratione

547 1655 746 1728 facta
820 1652 895 1724 in
981 1650 1284 1724 circuitu
1357 1648 1591 1763 ips-ius
1670 1649 1849 1748 vici,
1940 1675 2109 1724 cum
2192 1652 2432 1724 ferula
2503 1675 2724 1749 quam

549 1776 778 1827 manu
827 1750 1170 1848 gestabat
1217 1750 1424 1848 cepit
1464 1751 1616 1846 ire,
1695 1775 1780 1824 ac
1830 1751 2379 1865 multitudinem
2432 1775 2730 1851 serpen-

550 1852 739 1930 tium
810 1875 1312 1948 congregans,
1387 1850 1737 1925 adunavit
1810 1875 1937 1926 eas
2014 1851 2089 1925 in
2162 1853 2327 1925 loco
2407 1853 2727 1951 quodam

549 1951 928 2032 modicum
977 1962 1280 2063 cavato,
1349 1950 1594 2048 ibique
1662 1953 2079 2049 precipiens
2143 1951 2249 2023 eis
2302 1951 2377 2024 in
2429 1954 2728 2024 nomine

549 2051 846 2127 Domini
917 2051 1191 2124 cunctis
1256 2049 1525 2124 diebus
1582 2074 1925 2144 manere,
1994 2051 2282 2126 dicens:
2358 2050 2599 2126 Etiam
2667 2053 2731 2124 si

551 2152 924 2244 contiyerit
985 2151 1202 2225 vobis
1230 2162 1557 2246 usquam·
1580 2151 1955 2246 progredi,
2024 2151 2341 2246 precipio
2387 2151 2609 2228 vobis
2657 2153 2733 2224 in

549 2253 864 2328 nomine
879 2250 1188 2346 Domini,
1238 2253 1501 2324 nemini
1542 2250 1904 2324 hominum
1939 2253 2277 2324 noceatis.
2356 2253 2563 2340 Quae
2609 2275 2729 2324 us-

553 2375 698 2451 que
775 2352 886 2430 in
916 2351 1301 2429 odiernum
1363 2351 1717 2424 obediunt
1784 2365 2043 2426 cuncte
2114 2351 2456 2428 abbatem
2520 2352 2733 2427 illum

552 2453 789 2546 diem,
843 2450 974 2523 sed
1013 2474 1181 2522 cum
1233 2472 1276 2521 a
1328 2472 1603 2541 magno
1650 2460 1810 2521 estu
1846 2448 2155 2543 contigit
2208 2474 2333 2522 eas
2386 2453 2731 2548 calefieri,

547 2552 895 2631 videntur
946 2549 1474 2647 aliquantulum
1527 2570 1927 2644 peragrare
1979 2571 2117 2645 per
2176 2546 2421 2622 vicum
2474 2562 2549 2623 et
2598 2574 2732 2647 per

551 2653 846 2728 domos
859 2650 1158 2731 intrare
1221 2658 1299 2721 e't
1359 2647 1452 2719 ad
1517 2647 1770 2743 ignem
1841 2671 2075 2743 usque
2133 2647 2519 2761 progredi,
2598 2648 2731 2723 ati-

553 2750 844 2849 quando
890 2750 1081 2822 inter
1115 2749 1304 2821 duos
1351 2747 1681 2821 iacentes
1722 2747 1809 2821 in
1860 2747 2135 2823 lectum
2187 2745 2543 2845 inveniri,
2556 2748 2729 2827 ali-

551 2849 843 2948 quando
894 2870 1108 2919 vero-
1126 2847 1201 2919 in
1251 2869 1437 2921 cuna
1473 2857 1685 2923 cum
1712 2870 1943 2943 puero
1992 2871 2077 2921 os
2130 2837 2223 2921 ad
2277 2870 2413 2925 ore
2459 2802 2729 2929 cubare

551 2950 831 3046 absque
884 2948 1035 3025 uuo
1088 2955 1553 3022 nocumento.
1672 2947 1806 3019 Est
1856 2957 2145 3023 autem
2168 2947 2376 3025 locus
2420 2948 2554 3027 ille
2605 2947 2729 3020 ubi

547 3050 926 3164 predictae
969 3057 1275 3125 'manent
1325 3056 1713 3143 serpentes
1761 3046 2131 3141 modicuS,
2187 3060 2375 3143 quae
2425 3056 2731 3125 manent

548 3150 666 3231 in
680 3160 1074 3255 petrarum
1141 3145 1665 3247 foraminibus,
1738 3157 1816 3220 et
1878 3158 1994 3220 est
2056 3146 2265 3255 locus
2311 3147 2475 3245 ipse
2540 3146 2729 3227 situs

549 3231 768 3329 iuxta'
801 3251 1186 3369 Aguzane
1215 3244 1547 3323 fluvium.
2570 3288 2577 3297 ·

959 3358 1478 3437 EXPLICIT
1532 3362 1807 3436 LIBER
1871 3362 2243 3447 PRIMUS.

825 3575 1390 3677 INclthNT
1445 3560 1927 3701 cAplTULA
1970 3594 2219 3710 mem
2272 3598 2359 3711 ιι.

597 3815 603 3823 .
701 3701 788 3829 1.·
815 3706 1034 3843 Ωιιοἀ
1083 3710 1388 3827 abbates.
1429 3756 1685 3848 ipsius
1678 3754 2023 3827 coenobii
2071 3754 2239 3827 olim
2290 3754 2545 3827 remoti
2584 3759 2723 3825 ste-

817 3856 1068 3929 tea-int
1099 3852 1212 3927 ad
1262 3854 1684 3929 aecclesiam
1733 3854 2022 3927 Domini
2086 3854 2493 3927 salvatoris
2564 3875 2725 3931 cum

824 3953 1074 4027 vetulis
1119 3952 1534 4026 senioribus.
1588 4016 1595 4021 .
1712 4015 1719 4023 .

697 4055 767 4129 2.
823 4054 1034 4144 Quod
1081 4052 1214 4126 ab·
1229 4055 1540 4149 antiquis
1589 4002 2023 4148 temporibus·
2066 4048 2451 4211 proibitum
2490 4052 2583 4125 sit
2632 4050 2727 4125 ibi

822 4177 1190 4229 accessam
1234 4156 1690 4241 feminarum..
1798 4210 1805 4217 .
2408 4210 2413 4217 .
2454 4208 2463 4221 .
