3034 4900
521 317 622 390 70
959 312 1506 390 CHRONICON
1562 300 2265 388 NovALlcl‘ENSE:

519 494 704 571 didit
764 519 984 570 omne
1047 497 1160 568 ius
1226 505 1472 567 terrae
1542 495 1759 569 illius.
1866 497 2017 568 Nec
2068 519 2316 591 mora7
2369 494 2701 590 uvidus,

521 598 644 694 qui
699 608 772 669 et
822 594 1273 689 Behemoth‚
1326 595 1597 668 iterum
1648 593 2059 692 reciprocat
2108 594 2479 668 letiferam
2534 619 2701 668 sen-

521 695 852 770 tentiam.
953 695 1088 789 En,
1142 694 1321 767 dixit
1357 695 1643 790 Attoni‚
1696 696 1941 768 omnia
1988 696 2169 766 sicut
2207 696 2510 789 promisi
2540 695 2699 788 feci,

521 793 740 868 modo
805 793 1012 887 imple
1072 795 1615 888 promissionem
1682 796 1927 866 tuam!
2000 794 2349 910 „Faciam
2399 799 2479 865 ut
2526 793 2697 888 dixi,

403 943 424 964 ,
523 901 604 967 ut
648 897 942 1010 oportet.
1043 893 1352 987 Precipit
1413 893 1619 966 nobis
1686 890 2057 1008 apostolus
2123 895 2369 966 omnia
2434 895 2560 988 aqi
2626 895 2699 966 in

501 997 804 1074 ‚nomine
828 992 1140 1088 Domini,
1193 997 1262 1065 et
1303 994 1376 1064 in
1409 992 1597 1066 illius
1629 995 1911 1065 nomine
1963 992 2123 1065 volo
2172 1015 2406 1090 aqere.
2414 993 2460 1032 ‘⁶
2536 991 2701 1065 Non

523 1097 669 1187 ita,
737 1092 1008 1189 inquit,
1057 1094 1467 1187 promisisti.
1589 1096 1763 1167 Atto
1818 1104 2066 1165 autem
2121 1093 2565 1188 consignans
2618 1115 2700 1166 se

521 1194 742 1291 signo
805 1192 1086 1288 c1·ucis.,
1163 1191 1496 1265 diabolus
1550 1193 1755 1264 velut
1807 1194 2055 1264 fumus
2109 1194 2431 1270 evanuit.

681 1291 796 1366 13.
847 1248 1108 1364 Adhu⁷c
1149 1293 1240 1364 de
1283 1291 1670 1364 abbatibus
1705 1289 2237 1384 Bremensium.,
2291 1292 2448 1364 Deo
2503 1291 2701 1364 auxi·

525 1391 792 1482 liante,
871 1390 1068 1486 loqui
1121 1399 1484 1502 optamus.
1588 1391 1877 1464 Seriem
1929 1389 2268 1463 Romaldi
2324 1403 2398 1464 et
2448 1393 2701 1486 vitam‚

523 1512 814 1586 queque
865 1490 1328 1586 repperimus
1378 1488 1730 1562 dicemus
1808 1489 1973 1562 Fuit
2024 1504 2276 1565 autem
2321 1490 2435 1562 vir
2487 1492 2701 1562 timo-

521 1600 727 1662 ratus
781 1597 857 1660 et
905 1601 1104 1662 totus
1139 1588 1402 1685 plenus
1433 1588 1617 1682 Dec,
1671 1601 1752 1662 ut
1796 1590 1992 1662 clara
2036 1589 2193 1663 eius
2248 1592 2446 1662 fama
2496 1601 2699 1687 post-

522 1688 830 1760 modum
902 1687 1214 1763 edocuit.
1337 1689 1501 1762 Fuit
1570 1687 1842 1801 quippe
1910 1701 2065 1762 tam
2118 1713 2425 1788 corpore
2472 1713 2699 1787 quam

523 1787 910 1861 sanctitate
941 1809 1315 1885 proceruS.
1394 1789 1583 1860 Nam
1619 1811 1708 1860 ex
1743 1787 1903 1862 eius
1937 1789 2193 1863 tumba
2232 1790 2417 1862 odor
2449 1795 2707 1860 manat

525 1886 1047 1979 suavissimus
1097 1909 1318 1983 quem
1370 1887 1526 1959 Deo
1581 1888 1973 1962 adiuvante
2026 1889 2323 1999 proprio
2378 1889 2705 1961 anhelitu

521 1987 758 2083 traxi,
820 1997 896 2058 et
965 1985 1137 2057 inde
1208 1995 1409 2060 totus
1481 1988 1847 2083 repletus,
1912 1989 2115 2059 velut
2167 1986 2329 2084 quis
2384 1989 2703 2060 saciatus

527 2085 710 2158 cibis
764 2085 1290 2182 corporalibus.
1402 2085 1725 2180 Dignum
1793 2085 2135 2158 videlicet
2186 2094 2343 2181 est,
2394 2097 2477 2158 ut
2526 2111 2701 2159 caro

524 2195 818 2257 mortua
883 2184 1149 2258 reddat
1200 2185 1548 2282 odorem,
1621 2207 1809 2282 quae
1879 2183 2041 2257 viva
2094 2184 2457 2258 redolevit
2506 2207 2700 2282 pene

522 2284 880 2358 circulum
931 2284 1206 2358 Italiae.

674 2385 790 2457 14.
863 2387 1278 2481 Antequam
1349 2394 1738 2481 caperetur
1802 2383 2178 2482 predictus
2231 2407 2361 2457 rex
2427 2383 2700 2457 Beren-

521 2483 772 2579 garius
827 2484 917 2556 ab
968 2487 1264 2579 Attene,
1319 2483 1521 2557 dedit
1571 2492 2049 2581 praeceptum
2087 2484 2507 2557 hominibus
2544 2508 2702 2556 mo·

519 2583 849 2657 rantibus
901 2583 976 2656 in
1030 2584 1298 2657 finibus
1351 2583 1856 2656 Laumellinae
1906 2583 1982 2655 in
2034 2584 2211 2655 villa
2255 2585 2567 2679 Folingi,
2624 2596 2703 2656 ut

523 2695 875 2780 caperent
926 2686 1166 2781 lupos,
1221 2684 1342 2781 qui
1393 2684 1877 2757 vehementer
1928 2682 2375 2757 infestabant
2428 2696 2704 2756 terram

519 2781 723 2851 illam
780 2796 1080 2893 propter
1131 2783 1537 2857 densitates
1592 2808 1903 2880 opacum
1956 2784 2077 2855 vel
2130 2808 2434 2857 nemora
2486 2783 2701 2855 silva-

523 2904 711 2951 rum.
814 2880 930 2952 Hii
983 2904 1160 2953 vero
1204 2895 1547 2993 parentes
1600 2895 2036 2993 preceptum
2076 2884 2311 2979 regis,
2366 2883 2705 2961 occidunt

521 2979 904 3076 plurimOS‚
956 2992 1030 3053 et
1071 2980 1164 3051 ad
1218 2981 1456 3051 curias
1509 2980 1756 3074 regias
1810 2995 2227 3079 properant.
2318 2983 2469 3054 Rex
2526 3006 2701 3054 vero

518 3078 779 3153 videns
846 3080 1281 3152 exercicium
1355 3079 1689 3174 illorum,
1761 3080 2029 3152 letatus
2083 3092 2235 3172 est,
2309 3082 2477 3176 quia
2532 3093 2701 3155 ante

520 3202 873 3275 magnum
941 3178 1256 3252 exicium
1324 3176 1803 3276 paciebantur
1864 3190 2126 3253 euntes
2182 3192 2257 3253 et
2304 3181 2705 3255 redeuntes

520 3280 610 3351 ab
665 3303 778 3351 eo,
929 3301 935 3317 ⁴

677 3382 787 3452 15.
845 3379 1333 3477 Temporibus
1399 3379 1514 3451 his
1570 3378 1714 3452 duo
1779 3380 2028 3475 magni
2084 3342 2382 3453 fuerunt
2432 3382 2702 3456 fratres

524 3478 593 3549 in
644 3478 971 3553 Bremito
1025 3478 1340 3578 oppido,
1421 3478 1688 3553 divites
1757 3491 1830 3553 et
1896 3480 2205 3553 nimium
2257 3479 2701 3578 locupletati.

520 3576 640 3663 flii
692 3602 872 3673 ergo
924 3578 1166 3652 dirum
1207 3578 1602 3653 servicium
1650 3579 1928 3651 assueti
1972 3601 2250 3690 ponere
2294 3579 2699 3652 cervicibus

521 3676 785 3749 horum
843 3677 1260 3773 hominum,
1334 3679 1403 3751 in
1458 3678 1815 3751 lateribus
1869 3690 1942 3752 et
1990 3677 2063 3751 in
2120 3678 2699 3793 quibuscumque

518 3775 939 3847 honeribus.
1021 3776 1546 3873 Relinquentes
1586 3778 1811 3874 igitur
1867 3777 2046 3851 illud
2088 3778 2477 3852 servicium
2530 3783 2700 3869 post

517 3886 864 3972 precepta
937 3876 1261 3969 regalia,
1359 3878 1661 3973 tegique
1740 3878 1876 3952 soli
1974 3879 2163 3951 colla
2238 3874 2697 3948 submittunt.

519 3974 662 4072 Ipsi
722 3997 896 4045 vero
945 3973 1325 4047 tumefacti
1389 3977 1733 4049 auferunt
1788 3978 1962 4069 hos,
2017 3990 2089 4047 et
2142 3973 2453 4069 puniunt
2503 3972 2698 4065 dire3

515 4073 949 4170 quibusdam
1008 4075 1260 4148 oculos
1316 4076 1682 4171 evellunt,
1790 4073 2223 4173 quibusdam
2294 4096 2555 4147 manus
2628 4085 2701 4144 et
