3034 4900
513 297 618 374 -24
971 295 1525 375 CHRONICON
1579 299 2285 378 NOVALICIENSE.

519 477 769 573 yebajt
821 480 1157 554 vestiebant
1191 473 1464 579 portis,
1517 489 1601 554 ut
1644 481 2117 562 Waltharium
2166 492 2525 582 caperent,
2580 489 2710 561 sed

521 580 947 652 omnimodis
1009 583 1329 675 Haqano
1394 581 1778 678 prohibere
1833 585 2182 659 studebat.
2308 583 2429 658 At·
2465 588 2711 674 infelix

521 702 652 750 rex
703 687 948 775 coepto
1013 683 1257 753 itinere
1297 684 1715 778 resipiscere
1779 707 1923 756 non
1974 685 2141 758 uult.
2263 685 2577 760 Interea
2600 690 2711 761 vir

521 778 801 852 inclitus
877 787 1088 876 atque
1167 786 1678 898 maqnanimus
1747 784 1839 857 W
1831 783 2184 857 altharius
2240 785 2349 858 de
2426 789 2711 872 flumine

511 901 822 974 perqens
869 887 1166 953 venerat
1211 885 1286 953 in
1336 883 1618 957 silvam
1638 883 1989 978 Vosaqum
2044 885 2137 958 ab
2192 888 2501 982 antiquis
2539 894 2709 960 tem-

515 980 814 1075 poribus
880 984 1313 1074 vocitatam5
1383 1007 1569 1056 nam
1634 1006 1889 1056 nemus
1944 991 2046 1056 est
2112 987 2359 1081 inqens
2426 993 2495 1058 et
2539 1011 2710 1083 spa-

519 1083 842 1174 tiosum„¹
889 1087 1100 1178 atque
1149 1083 1419 1177 repleta
1483 1079 1813 1170 ferarum
1858 1083 2211 1180 plurima,
2278 1085 2550 1160 habens
2611 1088 2711 1160 ibi

519 1185 796 1275 suetum
860 1183 1157 1255 canibus
1221 1205 1569 1258 resonare
1630 1184 1967 1299 tubisque
2088 1184 2173 1257 In
2238 1186 2418 1279 ipsa
2470 1189 2712 1283 itaque

522 1285 694 1353 sunt
755 1281 899 1352 bini
961 1286 1234 1354 montes
1297 1287 1369 1355 in
1435 1306 1719 1357 secessu
1768 1283 1997 1377 ipsius
2048 1291 2261 1380 atque
2306 1289 2709 1382 propinqui,

521 1383 595 1450 in
661 1401 966 1474 quorum
1032 1381 1368 1454 medium
1411 1385 1758 1479 quamvis
1802 1393 2185 1479 anqustum'
2230 1387 2329 1458 sit
2370 1390 2705 1481 spatium,

520 1485 762 1551 tamen
831 1502 1086 1596 specus
1136 1487 1338 1555 extat
1381 1505 1785 1554 amoenum.

621 1577 798 1652 Mox
847 1581 1112 1652 iuvenis
1173 1588 1252 1653 ut
1301 1582 1498 1678 vidit,
1562 1581 1823 1676 „Huc-⁶⁶
1884 1584 2114 1679 inquit
2172 1585 2491 1678 „eamus
2500 1584 2547 1624 ‘⁶

621 1676 816 1751 Nam
844 1686 1229 1774 postquam
1261 1683 1545 1778 fuqiens
1579 1680 1986 1754 Avarorum
2031 1687 2227 1756 arvis
2261 1683 2707 1782 discesserat,

621 1778 786 1851 Non
839 1779 1048 1851 aliter
1097 1783 1330 1854 somni
1379 1783 1693 1878 requiem
1741 1789 2163 1878 qustaverat
2201 1784 2410 1879 idem,

511 1894 516 1902 ’
627 1878 858 1968 Quam
922 1903 1136 1974 super
1203 1883 1488 1954 inniscus
1542 1883 1762 1976 clipeo
1816 1885 1933 1955 vise
1984 1884 2325 1955 clauserit
2370 1885 2631 1957 oculos.-

527 1979 702 2050 Tum
753 1979 1036 2051 demum
1089 1980 1338 2053 bellica
1391 1982 1749 2082 deponens
1800 2005 2038 2075 arma,
2095 1981 2275 2053 dixit
2309 1985 2585 2078 viryini,
2636 1984 2711 2055 in

523 2079 724 2152 cuius
803 2083 1148 2175 qremium
1225 2083 1470 2168 fuerat
1534 2077 1784 2197 fusus:
1860 2082 2382 2176 „Circumspice
2456 2089 2706 2178 caute,

520 2179 966 2276 Hildeqund7
1040 2189 1110 2254 et
1155 2182 1490 2254 nebulam
1538 2183 1601 2254 si
1648 2180 1801 2254 tolli
1849 2182 2109 2255 videris
2166 2189 2447 2278 atram,
2512 2189 2709 2256 tactu

521 2278 790 2354 blando
842 2306 953 2380 me
1004 2305 1296 2398 surqere
1349 2284 1878 2356 commonitato.
1994 2281 2300 2355 Etiamsi
2360 2305 2711 2378 maynam

523 2383 977 2475 conspexeris
1039 2385 1146 2453 ire
1196 2388 1605 2475 catervam,
1674 2403 1785 2453 ne
1826 2379 2057 2454 subito
2124 2405 2236 2455 me
2288 2386 2607 2465 excutias
2660 2408 2709 2457 a

520 2504 814 2576 somno,
885 2484 989 2551 mi
1051 2482 1240 2554 kara
1259 2537 1280 2576 ,
1351 2487 1643 2577 caveto·
1615 2534 1638 2573 ,
1726 2480 1856 2555 sed
1926 2484 2308 2553 instantem
2376 2490 2709 2555 cunctam

522 2583 721 2653 circa
773 2581 1075 2676 explora
1139 2580 1572 2678 reqionem.“
1681 2582 1887 2655 Haec
1950 2583 2091 2675 ait,
2158 2582 2403 2655 statim
2462 2582 2711 2657 oculos

523 2681 1033 2754 conclauserat
1107 2685 1258 2777 ipse
1275 2738 1298 2777 ,
1383 2682 1877 2755 desiderantes·
1944 2684 2095 2769 frui
2166 2681 2443 2759 iamdiu
2528 2686 2709 2757 satis

521 2786 777 2875 optata
823 2784 1083 2875 requie.
1622 2814 1627 2821 ·

620 2877 752 2952 Ast
816 2878 944 2972 ubi
989 2879 1442 2953 Cundhariu‘s
1490 2882 1789 2975 vestiqia
1848 2879 2139 2975 pulvere
2188 2883 2393 2976 vidit,
2501 2936 2507 2941 -

624 2979 1085 3073 Cornipedem
1101 2980 1446 3075 rapidum-
1465 2981 1699 3055 saevis
1720 2978 2126 3053 calcaribus
2144 2988 2418 3077 urquet,
2440 2982 2706 3057 dicens:

619 3078 1074 3175 „Accelerate
1127 3082 1304 3153 viri!
1363 3082 1514 3152 iam
1564 3102 1754 3152 nunc
1802 3082 2096 3174 capietis
2146 3081 2488 3156 eumdem.

619 3179 1027 3279 Numquam
1066 3180 1274 3253 hodie
1317 3182 1509 3276 effuq
1510 3182 1642 3252 iet:
1692 3180 1949 3265 furata
1991 3179 2265 3255 talenta
2298 3182 2654 3279 relinquet.
2660 3183 2711 3224 ‘⁶

519 3280 693 3353 Ilico
729 3280 1009 3355 inclitus
1025 3282 1346 3377 Haqano
1386 3286 1645 3353 contra
1670 3302 1839 3353 mox
1867 3278 2181 3353 reddidit
2205 3284 2391 3355 ista:
2418 3282 2707 3379 „Urium

520 3386 800 3455 tantum
869 3383 1156 3455 verbum
1221 3381 1380 3454 dico
1434 3381 1579 3465 tibi
1631 3402 1883 3475 requm
1931 3381 2359 3466 fortissime.-

624 3482 706 3555 Si
770 3480 985 3571 toties¹
1025 3489 1100 3555 tu
1163 3480 1633 3555 Waltharium
1676 3500 2041 3576 puqnasse
2093 3481 2367 3555 videres
2386 3538 2407 3577 ,

628 3581 964 3671 Quotiens
1015 3606 1143 3678 eqo
1195 3606 1390 3655 nova
1447 3580 1666 3655 caede
1714 3582 2105 3675 furentem,

621 3680 1028 3776 Numquam
1081 3687 1234 3753 tam
1281 3682 1496 3767 facile
1546 3679 2003 3776 spoliandum
2071 3682 2259 3767 forte
2302 3690 2620 3774 putares.

635 3777 786 3853 Vidi
833 3780 1298 3853 Pannonicas
1347 3784 1561 3875 acies·‚
1615 3804 1775 3854 cum
1829 3780 2013 3853 bella
2066 3785 2397 3876 aqercnt.
2452 3786 2465 3833 :-

625 3881 894 3954 Contra
964 3879 1422 3975 aquilonares
1487 3882 1633 3952 sive
1700 3880 2075 3954 australes
2123 3880 2465 3971 reqiones.

621 3980 773 4053 Illic
835 3978 1270 4053 Waltharius
1315 3981 1619 4074 propri-a
1672 3982 1923 4053 virtute
1974 3979 2381 4070 choruscus,

589 4080 966 4183 *Hostibus
1015 4081 1317 4175 invisus,
1376 4081 1593 4155 sociis
1640 4078 2015 4153 mirandus
2065 4075 2327 4149 obibat.

2984 1131 3005 1708 1
