3034 4900
997 386 1272 460 LIBER
1332 388 1763 476 QUINTUS.
2380 394 2477 468 65

293 568 532 640 sidam
599 569 832 640 sancti
905 567 1284 641 Michaelis
1349 569 1454 642 sic
1532 570 1747 644 electi
1822 581 1995 644 sunt
2062 593 2323 667 reges.,
2394 583 2477 645 ut

291 679 682 778 preessent
747 667 1017 741 Italiae.
1124 668 1265 756 Qui
1335 668 1504 740 inde
1564 669 1893 741 exientes
1944 670 2255 741 laureati
2307 694 2477 744 curn

293 765 516 837 Willa
583 788 814 839 uxore
863 767 1096 864 ipsius
1150 767 1621 862 Berengarii,
1675 767 2041 840 indicione
2093 793 2307 840 nona.

437 867 506 940 5.
580 865 814 939 Huius
867 867 1328 977 temporibus
1382 866 1679 961 quidam
1731 867 1845 938 vir
1894 868 2176 962 extitit,
2233 868 2475 940 clarus

293 988 570 1059 genere
625 966 755 1038 sed
807 965 1076 1037 clarior
1126 964 1313 1059 fide,
1371 965 1669 1036 nomine
1719 965 2069 1040 Albertus
2118 966 2475 1063 marchio,

291 1076 505 1162 pater
557 1063 772 1136 huius
828 1063 1248 1157 Berengarii
1305 1074 1386 1135 ut
1437 1063 1661 1136 aiunt.
1766 1065 1902 1135 Hic
1960 1067 2137 1136 dum
2188 1065 2477 1140 videret

291 1165 472 1234 loca
501 1175 754 1235 nostra
822 1161 1065 1234 diruta
1119 1187 1160 1232 a
1225 1162 1573 1258 paganis,
1646 1173 1724 1234 et
1772 1165 2177 1236 monachos
2228 1165 2475 1264 perire

293 1270 651 1356 egestate,
703 1260 958 1337 tribuit
1009 1262 1396 1333 ecclesiam
1449 1272 1959 1334 consecratam
1998 1263 2072 1334 in
2115 1263 2475 1336 honorem

295 1360 525 1432 sancti
555 1361 892 1432 Andreae
945 1385 1111 1432 cum
1163 1371 1374 1457 porta
1427 1361 1873 1456 commitale7
1925 1385 2141 1436 secus
2182 1388 2477 1435 murum

295 1457 644 1554 civitatis,
717 1460 838 1532 ubi
890 1461 1047 1532 Deo
1115 1459 1520 1557 opitulante
1572 1459 1917 1534 monachi
1972 1461 2300 1536 divinum
2354 1487 2475 1535 ex-

297 1571 548 1632 ercent
601 1581 902 1656 opus.

439 1661 505 1730 6.
588 1658 666 1729 In
741 1659 1006 1730 eodem
1076 1660 1241 1730 loco
1315 1681 1537 1753 quem
1604 1681 1827 1756 supra
1904 1659 2472 1754 nominavimuS,

291 1769 450 1828 erat
501 1757 800 1852 quidam
873 1757 1102 1828 abbas
1162 1756 1707 1850 Belegrimmus
1761 1759 2103 1852 nomine,
2178 1759 2475 1831 humilis

293 1867 368 1927 et
404 1855 590 1926 bene
645 1854 1020 1948 educatus,
1075 1855 1404 1926 eruditus
1457 1855 1729 1950 pericia
1782 1856 2221 1952 litterarum,
2276 1869 2348 1929 et
2398 1869 2481 1929 ut

291 1954 494 2026 aiunt
545 1954 792 2048 multi,
855 1965 1109 2026 auctor
1161 1953 1397 2028 extitit
1448 1954 1703 2048 hymni
1763 1954 2271 2046 Omnipotentis
2322 1952 2476 2048 Dei,

292 2058 362 2124 et
424 2053 804 2147 Genitor-is,
872 2053 991 2150 qui
1066 2077 1274 2124 more
1339 2074 1666 2148 congruo
1732 2077 1866 2167 per
1918 2054 2265 2126 universa
2317 2055 2477 2127 loca

289 2152 623 2224 habetica
675 2152 1155 2225 Bremetense
1224 2152 1496 2248 oppido
1560 2153 1693 2224 Dei
1746 2155 1822 2224 in
1886 2152 2249 2225 honorem
2318 2177 2479 2225 mo-

287 2252 582 2323 dulatur
650 2249 723 2320 in
795 2251 1304 2346 assumptione
1377 2261 1679 2320 sanctae
1749 2252 2046 2322 Mariae.
2168 2253 2305 2322 Hic
2372 2253 2483 2328 vi-

289 2351 500 2440 dens,
553 2348 942 2442 negocium
997 2347 1320 2419 divinum
1376 2348 1807 2419 nullomodo
1876 2347 2169 2422 misceri
2224 2361 2481 2445 posset

291 2447 629 2543 seculari,
683 2459 918 2521 mutat
967 2446 1503 2520 monasterium
1558 2447 1750 2545 quod
1787 2459 2285 2522 constructum
2319 2450 2476 2519 fue-

289 2558 406 2620 rat
457 2557 626 2621 ante
680 2558 1038 2641 castrum,
1103 2547 1231 2617 ad
1249 2547 1638 2619 ecclesiam
1691 2571 1904 2620 secus
1956 2572 2251 2619 murum
2304 2548 2475 2620 civi-

290 2648 464 2721 tatis
518 2648 738 2719 sitam
793 2647 882 2717 ad
937 2657 1228 2741 portam
1281 2646 1807 2718 commitalem.
2158 2706 2161 2709 ,

441 2746 508 2817 7.
569 2746 777 2816 Idem
830 2744 1052 2839 igitur
1104 2744 1421 2816 domnus
1473 2743 2044 2858 Belegrir'anus,
2096 2770 2243 2816 non
2297 2704 2477 2817 satis

292 2856 546 2918 cautus
613 2844 728 2915 his
787 2868 974 2941 quae
1029 2842 1483 2917 secularibus
1555 2856 1763 2940 sunt⁷
1835 2844 2139 2918 scientia
2202 2842 2477 2916 littera-

289 2966 454 3015 rum
510 2944 808 3039 sciolus,
861 2944 993 3016 sed
1048 2944 1349 3039 ignarus
1401 2942 1732 3017 omnium
1802 2967 1988 3040 quae
2046 2942 2265 3016 huius
2316 2966 2507 3055 sae-‘g

291 3044 432 3115 culi
487 3055 696 3137 sunt,
769 3046 1104 3140 quamvis
1176 3044 1371 3116 foret
1421 3043 1690 3117 nobilis
1742 3043 2148 3115 secundum
2203 3041 2477 3115 saeculi

289 3142 805 3254 putredinem,
875 3154 1123 3217 tamen
1179 3142 1426 3215 omnia
1488 3166 1779 3241 queque
1846 3142 1950 3215 illi
2008 3140 2477 3239 apponeban-

289 3250 411 3312 tur
463 3241 536 3311 in
591 3264 848 3313 mensa
901 3242 1194 3333 edebat
1247 3266 1392 3314 non
1435 3242 1906 3334 interrogans
1946 3239 2319 3336 quomodo
2354 3248 2481 3309 aut

293 3338 609 3435 qualiter
660 3340 726 3410 ei
781 3340 1045 3413 collata
1099 3338 1368 3411 essent.
1491 3340 1699 3412 Unde
1764 3338 1957 3411 servi
2014 3336 2187 3408 dolo
2258 3336 2493 3439 capti..

291 3438 484 3509 bona
537 3462 684 3508 non
735 3438 1129 3509 tradebant
1180 3437 1603 3551 largienda,
1660 3435 1792 3510 sed
1844 3430 2131 3509 incocta
2184 3432 2477 3548 quando

292 3535 430 3609 sibi
474 3537 666 3609 bona
706 3536 1208 3609 reservabant.
1312 3536 1383 3609 Is
1437 3536 1663 3631 igitur
1714 3546 1886 3634 post
1940 3537 2033 3608 19
2087 3556 2323 3606 annos·
2372 3533 2477 3605 vi-

289 3648 452 3711 tam.
499 3636 746 3708 amisit
794 3636 1112 3710 labentis
1153 3636 1450 3709 saeculi.

441 3736 508 3810 8.
583 3734 838 3831 Itaque
891 3735 1068 3808 dum
1120 3736 1525 3807 reteximus
1580 3744 1737 3805 acta
1782 3734 1902 3805 vel
1932 3742 2145 3829 gesta
2184 3728 2475 3827 regum,

294 3834 602 3930 dignum
655 3846 794 3929 est,
847 3845 930 3906 ut
972 3835 1063 3905 de
1115 3834 1356 3907 vassis
1411 3834 1823 3931 loquamur.
1926 3831 2232 3905 Arduini
2286 3832 2477 3905 scili-

295 3946 410 4005 cet
474 3933 849 4006 infelicem
917 3934 1203 4032 prolem
1271 3934 1678 4029 satagimus
1732 3932 1995 4005 dicere.
2106 3930 2477 4027 Antiquo-

295 4054 462 4102 rum
515 4032 740 4127 igitur
793 4058 1039 4107 sermo
1091 4044 1365 4128 narrat
1418 4032 1585 4130 quia
1640 4034 1935 4106 fuerunt
1984 4030 2131 4102 duo
2184 4031 2509 4124 fratres,-

299 4130 658 4223 Rogerius
723 4144 800 4204 et
871 4132 1278 4227 Arduinus‚
1349 4142 1424 4203 et
1487 4156 1675 4205 unus
1740 4154 2001 4203 eorum
2030 4122 2280 4203 cliens
2348 4152 2477 4199 no-

1868 4248 1913 4317 5
