3034 4900
1137 382 1617 456 APPENDIX.
2364 382 2461 456 95

307 585 568 670 tusque
621 583 693 645 et
745 578 1192 663 contractus,
1261 568 1522 664 plenus
1587 564 2043 638 demonibus.
2149 566 2291 653 Qui
2354 567 2459 638 in-

307 675 644 769 grediens
695 669 1052 769 templum
1118 667 1693 761 vociferabatur,
1766 665 1941 738 nihil
2011 663 2259 737 dicens
2322 665 2463 738 nisi

304 785 590 846 tantum
622 794 879 844 vocem
926 770 1104 842 dans
1139 769 1232 841 ad
1271 769 1556 862 sydera.
1657 768 1827 840 Post
1876 765 2193 864 spatium
2248 765 2463 838 unius

303 877 484 948 hore
537 871 818 946 concito
870 870 1104 967 gradu
1157 869 1249 940 ad
1301 891 1504 940 aram
1574 865 1889 939 cucurrit
1954 865 2186 940 sancti
2243 864 2463 960 Petri,

303 987 380 1048 et
431 973 888 1071 amplexatus
943 981 1052 1043 est
1104 991 1308 1060 eam,
1375 967 1767 1062 statimque
1821 978 2108 1040 erectus
2161 979 2311 1060 est,
2390 975 2464 1040 et

301 1073 673 1147 vinculum
725 1073 1020 1166 linguae
1073 1070 1393 1142 solutum
1447 1077 1583 1162 est,
1635 1079 1707 1138 et
1741 1089 2093 1140 evomens
2124 1065 2463 1138 cenulen-

304 1186 464 1246 tum
531 1171 1003 1267 sanguinem,
1067 1169 1420 1243 liberatus
1486 1177 1602 1240 est
1662 1190 1798 1266 per
1862 1165 2464 1259 intercessionem

307 1273 535 1346 sancti
588 1270 779 1343 Petri
833 1296 876 1342 a
929 1281 1036 1342 tot
1087 1265 1651 1342 infirmitatibus.
1757 1267 1913 1339 Hoc
1961 1289 2137 1339 vero
2190 1265 2465 1339 nostris

304 1372 535 1445 oculis
586 1371 938 1466 vidimus,
1006 1382 1078 1443 et
1129 1381 1356 1442 testes
1409 1392 1663 1442 sumus
1717 1367 1935 1439 huius
1987 1366 2115 1439 rei.

453 1475 520 1545 9.
601 1473 830 1568 Igitur
895 1483 1147 1544 notum
1208 1469 1514 1542 facimus
1586 1468 1923 1541 omnibus
1976 1477 2271 1540 sanctae
2331 1465 2466 1538 Dei

303 1571 661 1646 ecclesiae·
710 1572 1050 1644 fidelibus
1099 1569 1563 1670 presentibus
1616 1570 1893 1642 scilicet
1940 1577 2159 1665 atque
2206 1565 2465 1639 absen-

301 1672 524 1766 tibus,
580 1674 670 1745 de
723 1673 917 1744 malo
971 1673 1167 1768 quod
1221 1693 1523 1768 passum
1574 1681 1691 1741 est
1726 1667 2253 1740 monasterium
2292 1665 2465 1740 Bre-

304 1785 640 1844 metense
694 1771 783 1842 ab
836 1771 962 1841 illo
1018 1770 1140 1868 qui
1193 1769 1424 1841 nuber
1476 1768 1702 1842 abbas
1753 1769 1955 1840 visus
2022 1777 2175 1862 est,
2255 1767 2465 1838 Oddo

304 1871 619 1943 nomine.
748 1871 933 1942 Nam
1017 1870 1134 1942 hic
1210 1869 1282 1941 in
1354 1868 1671 1967 quodam
1738 1866 1971 1966 prelio
2050 1889 2466 1964 percussuS,

303 1971 542 2068 magis
595 1994 813 2044 causa
866 1969 1147 2044 timoris
1199 1992 1417 2068 quarn
1469 1969 1604 2042 Dei
1654 1967 2126 2041 veneratione
2180 1966 2268 2038 ad
2310 1989 2466 2039 mo-

305 2071 705 2145 nasterium
757 2071 1234 2144 Bremetense
1279 2070 1661 2169 pervenit,
1736 2068 1979 2166 ibique
2051 2091 2131 2140 se
2188 2067 2339 2151 Deo
2394 2077 2471 2140 et

303 2184 556 2246 sancto
593 2173 807 2244 Petro
862 2184 1078 2269 atque
1133 2171 1404 2244 domno
1435 2171 1711 2244 Gezoni
1746 2167 1991 2241 abbati
2026 2167 2469 2239 monachum

303 2273 527 2344 vovit.
632 2270 928 2342 Interim
962 2270 1426 2343 volventibus
1461 2293 1819 2341 annorum
1853 2267 2254 2363 curriculis,
2312 2277 2469 2339 erat

307 2370 533 2442 abbas
586 2369 779 2441 illius
832 2368 972 2441 loci
1027 2382 1400 2443 senectute
1451 2367 1763 2463 flebilis,
1815 2366 2233 2440 volentibus
2294 2389 2466 2438 cun-

306 2470 466 2545 ctis-
495 2470 841 2543 fratribus
894 2493 1177 2543 necnon
1230 2472 1496 2544 domno
1536 2472 1978 2569 imperatore
2008 2466 2350 2563 Heinrico
2387 2488 2467 2539 se

303 2572 830 2665 consentiente,
883 2571 1251 2643 abbatiam
1291 2570 1501 2645 alteri
1548 2569 1767 2643 dedit.
1878 2568 2189 2656 Quidam
2244 2569 2471 2639 frater

306 2672 731 2746 monasterii
784 2672 1220 2769 deprecatus
1269 2683 1380 2745 est
1431 2670 1810 2765 abbatem,
1868 2680 1946 2741 ut
1996 2668 2165 2740 huic
2214 2691 2470 2765 suprae

307 2772 501 2844 dicto
572 2771 930 2843 monacho
997 2772 1284 2844 Oddoni
1372 2772 1734 2869 quendam
1815 2768 2305 2841 obedientiam
2377 2768 2468 2841 de

306 2872 662 2944 Pollentia
715 2871 972 2945 subtus
1023 2895 1195 2943 eum
1250 2873 1494 2966 daret,
1568 2870 1686 2969 qui
1740 2868 2080 2969 precibus
2133 2868 2290 2941 eius
2342 2870 2468 2940 ad-

307 2970 602 3071 quievit.
683 2972 817 3046 Illo
853 2996 1168 3071 namque
1199 2984 1533 3071 tempore
1567 2995 1836 3069 magna
1866 2968 2277 3069 persecutio
2316 2981 2472 3043 erat

303 3072 492 3147 inter
541 3073 942 3146 Ardoinum
981 3086 1054 3146 et
1088 3074 1647 3169 Maginfredum.
1752 3072 1964 3164 Quod
2014 3072 2253 3145 sciens
2306 3094 2437 3167 pre

303 3172 540 3245 dictus
618 3174 1018 3247 monachus
1088 3173 1295 3247 Oddo
1366 3174 1681 3265 scilicet,
1769 3171 1949 3243 abiit
2023 3171 2469 3263 Ardoinum3

304 3272 718 3370 postulatus
772 3284 883 3344 est
923 3297 1092 3345 eum
1124 3273 1508 3371 pecuniam
1544 3271 1766 3342 dante
1801 3282 2020 3364 atque
2054 3268 2469 3366 pollicente,

306 3384 388 3445 ut
438 3370 646 3442 illum
699 3370 1041 3445 abbatem
1091 3373 1370 3444 faceret
1421 3371 1512 3443 de
1567 3370 1777 3464 cella,
1830 3366 2465 3467 unde‘prioratum

309 3470 644 3547 habebat.
756 3471 1078 3543 Marchio
1145 3482 1391 3543 autern
1461 3470 1674 3566 dixit,
1744 3492 1825 3543 se
1892 3493 2037 3541 non
2092 3490 2311 3565 posse
2362 3470 2469 3541 fa-

305 3594 498 3668 eere,
553 3571 719 3669 quia
768 3582 984 3668 pater
1029 3596 1204 3645 suus
1257 3571 1560 3645 dederat
1597 3568 2055 3643 Bremetensi
2100 3581 2468 3643 monaste-

305 3672 436 3745 rio.
516 3673 718 3745 Tunc
765 3696 1028 3745 monos
1081 3673 1474 3771 acephalus
1528 3670 1664 3744 ait:
1718 3666 1993 3740 Simihi
2028 3668 2304 3743 dederis
2343 3670 2469 3742 ab·

305 3772 580 3845 batiam
630 3778 701 3843 et
746 3776 1000 3843 contra
1053 3772 1382 3843 abbatem
1431 3794 1663 3843 meum
1714 3776 1945 3842 tenere
1979 3770 2252 3864 feceris,
2298 3793 2467 3843 car·

306 3878 420 3945 tas
462 3874 702 3967 patris
749 3871 874 3943 tibi
923 3871 1241 3944 reddam.
1343 3874 1546 3945 Tunc
1594 3870 1959 3944 Ardoinus
2012 3871 2113 3943 ita
2166 3871 2343 3943 dixit
2388 3882 2469 3945 ut

305 3968 535 4046 fieret.
652 3972 920 4048 Statim
970 3972 1237 4070 quippe
1289 3971 1466 4045 lude
1519 3972 1947 4069 pedagogus
2008 3973 2287 4045 furatus
2356 3983 2470 4044 est

307 4081 570 4170 cartas,
623 4072 939 4147 reddidit
988 4072 1331 4145 Arduino.
1379 4140 1387 4146 ,
1434 4074 1586 4146 Nec
1636 4096 1872 4167 mora,
1912 4072 2085 4170 -ipse
2138 4066 2465 4145 marchio

307 4168 512 4244 duxit
572 4196 820 4247 secum
879 4174 1228 4270 Romam,
1301 4172 1559 4247 obtulit
1623 4172 2017 4245 maximam
2082 4172 2466 4271 pecuniam
