3034 4900
495 265 592 338 72
848 273 852 286 '
940 265 1486 352 CHRONICON
1546 264 2249 342 NOVALICIENSE.

495 457 706 520 extra
757 444 945 519 illos‚
1061 446 1334 518 Volens
1396 469 1575 519 vero
1646 447 1843 519 Deus
1910 446 2225 520 liberare
2278 451 2675 547 populum,

497 541 654 618 fixit
705 545 808 616 illi
863 544 936 616 in
989 544 1248 640 corde,
1328 555 1689 641 quatenus
1758 545 2108 641 proderet
2169 548 2413 620 locum
2466 550 2677 622 illum

499 653 576 740 et
625 643 966 716 homines
1020 655 1394 716 morantes
1461 643 1535 715 in
1593 667 1704 715 eo.
1809 644 2023 717 Vadit
2076 647 2345 745 quippe
2412 648 2503 719 ad
2552 671 2675 720 ‚co-

498 743 759 816 mitem
798 742 1209 816 Rohaldum
1236 742 1663 817 Provinciae
1702 741 1993 840 finibus,
2050 757 2125 818 et
2158 747 2444 820 adiurat
2479 771 2675 842 eum,

499 854 582 916 ut
634 841 908 914 nemini
961 842 1228 940 prodat
1276 853 1650 917 secretum
1704 843 1899 940 quod
1950 844 2291 942 cupiebat
2350 845 2457 917 illi
2510 845 2675 939 fari,

498 965 637 1014 nec
705 942 926 1014 etiarn
995 941 1341 1040 propriae
1406 941 1639 1014 uxori.
1768 942 1937 1038 Ipse
2016 954 2267 1016 autem
2362 955 2676 1018 testatur

499 1041 778 1112 nemini
851 1041 1182 1139 prodere.
1303 1041 1436 1113 Ille
1489 1038 1639 1112 aitz.
1701 1039 1887 1112 Ecce
1936 1042 2153 1115 trado
2204 1044 2403 1116 vobis
2450 1045 2678 1116 inimi-

499 1163 625 1212 eos
674 1146 946 1213 vestros
986 1146 1521 1234 perpetratores
1571 1140 1958 1235 nequiciae..
2059 1142 2199 1230 Qui
2238 1144 2537 1239 gavisus
2565 1154 2682 1215 est

498 1238 739 1336 valde,
793 1252 866 1315 et
917 1239 1313 1338 spopondit
1358 1240 1428 1312 ei
1479 1237 1807 1312 tribuere
1860 1239 2129 1335 omnia,
2182 1241 2246 1314 si
2299 1244 2439 1315 hoc
2492 1266 2677 1339 opus

500 1337 968 1411 exercuisset.
1087 1337 1384 1410 Mandat
1449 1335 1723 1408 idcirco
1784 1337 2125 1412 omnibus
2176 1340 2676 1438 Arduinoque.,

503 1447 583 1509 ut
633 1435 983 1508 adiuvent
1032 1458 1200 1508 eum
1255 1437 1329 1507 in
1364 1435 1684 1532 quodam
1714 1437 2123 1530 negocium.
2228 1439 2505 1512 Omnes
2550 1439 2675 1512 de-

499 1535 720 1633 nique
774 1546 1164 1608 occurrunt
1211 1534 1579 1608 hostiliter
1634 1534 1721 1606 ei.
1823 1533 2228 1630 Litigantes
2268 1561 2449 1610 vero
2485 1538 2677 1610 inter

499 1657 582 1708 se
635 1634 997 1728 homines,
1048 1633 1277 1706 nescii
1330 1657 1474 1731 quo
1528 1634 1957 1729 tenderent,
2011 1647 2086 1708 at
2135 1627 2293 1733 ips'e
2346 1637 2679 1709 hortatur

499 1733 710 1828 illos,
781 1744 860 1807 ut
929 1742 1332 1830 sequantur
1397 1732 1625 1806 illum.
1756 1733 1950 1806 Dum
2022 1734 2269 1832 itaque
2338 1735 2680 1808 venirent

499 1833 593 1905 ad
633 1843 980 1927 castrum,
1034 1845 1284 1906 ortans
1319 1832 1695 1904 Robaldus
1732 1833 1859 1906 ait:
1922 1825 1979 1912 θ’
2015 1835 2311 1930 fratres,
2357 1841 2678 1930 puqnate

493 1955 634 2026 pro
691 1932 1075 2004 animabus
1122 1933 1406 2022 vestris,
1459 1933 1633 2028 quia
1682 1933 1755 2003 in
1804 1938 2002 2004 terra
2056 1935 2223 2004 estis
2272 1933 2679 2006 Saraceno-

496 2033 702 2104 rum!
803 2031 918 2104 Illi
970 2054 1147 2102 vero
1203 2031 1436 2102 fortes
1490 2030 1831 2103 adhelete
1902 2030 2251 2104 dimicant
2314 2043 2387 2104 et
2451 2033 2677 2130 depo-

495 2131 844 2228 pulantur
869 2131 1114 2203 locum
1139 2129 1370 2203 illum.
1436 2129 1639 2203 Haec
1669 2130 1846 2203 ultio
1889 2128 2061 2202 dolo
2097 2131 2455 2228 Aymonis
2485 2132 2679 2204 facta

497 2242 636 2327 est,
667 2228 896 2304 'cuius
951 2253 1188 2325 genus
1239 2227 1509 2302 nostris
1556 2228 1794 2302 adhuc
1835 2241 2086 2304 manet
2130 2231 2611 2328 temporibus.

653 2329 764 2403 19.
835 2329 918 2402 ln
971 2328 1086 2402 his
1151 2351 1332 2424 ergo
1386 2326 1884 2426 temporibus,
1956 2354 2125 2403 cum
2174 2331 2391 2405 vallis
2444 2331 2679 2426 Segu-

498 2429 658 2503 sina
702 2429 1065 2503 inermem
1117 2439 1192 2501 et
1244 2427 1727 2502 inhabitatam
1761 2441 2255 2525 permaneret,
2308 2431 2678 2505 Ardoinus

496 2528 610 2601 vir
664 2540 926 2627 potens
981 2526 1198 2626 eripit
1247 2528 1453 2601 illam
1505 2540 1579 2602 et
1631 2527 1841 2602 nobis
1887 2528 2073 2603 tulit.
2178 2531 2491 2602 Tantum
2544 2530 2678 2626 igi-

497 2640 619 2701 tur
671 2641 830 2703 erat
874 2630 1136 2727 plenus
1179 2628 1386 2701 viciis
1439 2640 1795 2725 quantum
1846 2640 1919 2701 et
1969 2628 2274 2725 diviciis,
2329 2629 2674 2727 superbia

499 2728 862 2824 tumidus7
917 2727 1159 2801 carnis
1213 2752 1392 2801 suae
1443 2727 1948 2825 voluptatibus
1995 2727 2371 2824 subdituS‚
2424 2730 2501 2800 in
2554 2729 2679 2800 ad-

496 2827 870 2923 quirendis
917 2828 1141 2898 rebus
1195 2826 1454 2899 alienis
1509 2825 1869 2898 avariciae
1922 2827 2205 2900 facibus
2258 2852 2678 2901 succensus,

643 2928 760 3003 20.
839 2926 1129 2999 Mortuo
1185 2925 1498 3021 denique
1551 2924 2079 3021 Belegrimmo⁷
2131 2950 2265 3022 per
2299 2926 2677 2997 biennium

494 3024 860 3097 Iohannes
911 3022 1327 3122 prepositus
1385 3023 1662 3118 prefuit
1706 3021 2068 3119 abbatiae,
2121 3022 2483 3117 largiente
2536 3023 2678 3097 sibi

495 3122 844 3197 Arduino.
968 3122 1108 3211 Qui
1181 3145 1648 3218 nequaquam
1699 3122 2329 3211 consecrationem
2382 3124 2677 3217 meruit,

495 3224 630 3297 sed
697 3222 1295 3296 amminiculante
1347 3221 1501 3293 Deo
1558 3233 1804 3295 amoto
1858 3222 2037 3317 hoc,
2117 3223 2679 3297 strenuissimus

497 3332 573 3394 et
621 3322 1078 3400 humillimus
1133 3322 1332 3394 Gezo
1387 3320 1768 3394 abbaciam
1823 3320 2166 3419 suscepit.

643 3424 763 3496 21.
836 3420 1164 3518 Denique
1216 3417 1520 3492 rudibus
1575 3444 1661 3493 ac
1713 3420 2131 3519 posteribus
2183 3421 2533 3495 fratribus
2567 3422 2678 3493 in-

497 3520 792 3593 sinuare
878 3518 1261 3618 cupimus⁷
1359 3518 1533 3616 quid
1614 3543 1656 3591 a
1739 3517 2087 3593 Lothario
2176 3520 2439 3615 regulo
2528 3521 2677 3593 iam

493 3618 1053 3717 praenominato
1105 3629 1353 3691 actum
1405 3617 1528 3712 sit,
1578 3618 1948 3691 malumus
1993 3621 2413 3717 patefacere
2452 3640 2675 3715 quam

493 3717 785 3790 abdere.
890 3718 1216 3790 Tametsi
1267 3722 1341 3790 in
1395 3718 1717 3815 quodam
1768 3718 2087 3817 capitulo
2142 3720 2386 3815 aliqua
2438 3716 2530 3787 de
2582 3737 2673 3785 eo

494 3815 938 3915 carpsimus,
1025 3826 1274 3888 tamen
1353 3816 1787 3914 reliquimus
1878 3818 2158 3915 aliqua,
2254 3838 2439 3912 quae
2526 3838 2671 3885 non

491 3929 663 3990 sunt
714 3914 1137 3989 omittenda.
1243 3914 1494 3988 Extitit
1549 3916 1845 4013 quidam
1898 3916 2223 3990 marchio
2257 3913 2451 3984 illius
2488 3925 2673 3986 tem-

489 4016 838 4115 poribus7
917 4016 1120 4111 cuius
1169 4014 1613 4089 memoriam
1680 4016 2070 4115 sepissime
2124 4012 2475 4107 fecimuS,
2544 4038 2674 4087 no-
