3034 4900
737 318 1282 424 CHRONICON
1332 345 2035 454 NommclENsE.
2266 389 2273 395 -
2362 361 2459 417 vn

309 551 524 624 quum
589 529 826 618 adhuc
885 534 1152 628 inteqer
1201 538 1416 626 esset,
1483 529 1899 604 Philibertus
1964 531 2492 626 Pinqonius-

310 629 662 724 quaedam
713 631 872 704 inde
923 635 1284 727 excerpsit,
1337 653 1521 727 quae
1559 629 1717 704 ”iam
1762 634 1837 704 in
1888 631 2129 704 eodem
2175 631 2461 704 archivo

310 729 700 802 servantur
731 735 910 803 inter
945 731 1479 806 .Novaliciensia
1533 755 1623 803 m.
1664 733 1731 804 2.
1785 757 1849 804 n.
1880 733 1997 827 20,
2052 733 2461 806 brevissima

309 830 624 925 quidem,
699 832 999 904 duorum
1068 839 1342 906 tantum
1405 832 1741 919 foliorum
1755 888 1776 926 ,
1871 832 1997 905 sed
2065 855 2151 904 ex
2216 834 2463 928 quibus

309 931 534 1004 multa
609 933 928 1048 supplere
999 935 1371 1026 potuimus.
1515 932 1695 1004 Usus
1760 939 1865 1004 est
1935 932 2044 1004 his
2123 936 2464 1026 excerptis

271 1031 689 1131 ¹Pinqonius
750 1035 824 1104 in
869 1031 1192 1125 Auqusta
1247 1031 1753 1126 Taurinorum,
1822 1057 1890 1108 a.
1945 1032 2166 1106 1575.
2226 1033 2462 1106 edita·
2432 1085 2457 1124 ,

309 1132 438 1204 sed
502 1156 673 1204 cave
726 1131 1019 1226 credas,
1089 1133 1330 1203 omnia
1381 1155 1563 1226 quae
1610 1132 1705 1204 ibi
1754 1155 1891 1226 „ex
1938 1125 2267 1204 chronico
2318 1133 2464 1205 No-

311 1229 718 1304 va-liciensi“
769 1234 1096 1328 citantur,
1151 1237 1220 1302 et
1252 1234 1323 1304 in
1361 1233 1703 1326 excerptis
1737 1231 1922 1327 le9i5
1972 1255 2143 1304 nam
2175 1238 2245 1303 et
2267 1255 2464 1329 quae

309 1353 398 1402 ex
443 1327 633 1404 hisce
682 1333 1020 1426 excerptis
1071 1331 1531 1404 coniectando
1584 1331 1941 1404 concludit
1982 1335 2053 1404 in
2097 1315 2274 1406 libro
2307 1355 2461 1430 suo,

311 1431 414 1502 ita
463 1431 746 1504 indicat.
846 1433 1093 1528 Itaque
1143 1431 1246 1512 ad
1279 1439 1601 1520 nostrum
1639 1431 2101 1527 supplendum
2132 1441 2463 1528 excerpta

311 1532 590 1627 quidem
613 1532 1066 1626 Pinqoniana
1096 1533 1468 1604 utilissima
1501 1539 1671 1606 sunt
1716 1540 1780 1606 et
1828 1533 1965 1621 side
1999 1533 2239 1629 diqna,
2290 1534 2465 1606 liber
2564 1555 2575 1622 g

311 1632 616 1706 eiusdem
666 1654 1118 1728 nequaquam
1167 1631 1635 1710 adhibendus..
1730 1633 1957 1705 Paulo
1994 1639 2161 1728 post
2190 1635 2465 1707 Guiliel-
2534 1654 2542 1661 ·

310 1756 468 1804 mus
536 1733 710 1804 Bal
721 1732 1178 1804 dessanus‘
1225 1732 1539 1804 codicem
1588 1735 1930 1827 excerpsit
1988 1735 2137 1806 iam
2188 1735 2465 1830 quidem

310 1833 650 1926 mutilum,
685 1831 813 1904 sed
847 1831 1068 1904 multo
1105 1834 1334 1904 minus
1375 1856 1594 1928 quam
1628 1855 1815 1904 nunc
1849 1838 1990 1924 est5
2041 1856 2212 1904 nam
2251 1859 2464 1928 prae-

311 1939 420 2004 ter
467 1955 593 2004 sex
634 1935 892 2026 priora
942 1932 1102 2004 libri
1123 1983 1128 1988 -
1145 1933 1359 2027 primi
1405 1935 1649 2026 capita
1717 1938 1927 2029 atque
1954 1934 2242 2030 ‚initium
2307 1935 2466 2007 libri

310 2035 551 2129 quarti
610 2033 882 2128 reliqua
943 2038 1108 2104 tunc
1179 2032 1416 2105 adhuc
1481 2033 1825 2130 aderant,
1900 2057 2083 2130 quae
2146 2035 2306 2107 inde
2376 2059 2466 2107 ex

305 2140 516 2228 parte
565 2133 873 2228 suppleri
916 2139 1221 2228 possunt
1228 2159 1258 2225 ,-
1331 2155 1506 2206 nam
1557 2157 1775 2229 neque
1822 2133 2317 2208 Baldessanus
2367 2136 2467 2208 ad

310 2234 598 2306 verbum
661 2235 900 2306 omnia
966 2235 1262 2326 excepit,
1327 2233 1456 2305 sed
1501 2235 1727 2306 multa
1778 2237 2149 2306 contraxit.
2250 2233 2464 2308 Auto-

311 2333 664 2429 9raphum
709 2334 890 2425 eius,
961 2331 1153 2426 quod
1215 2332 1344 2405 sub
1400 2336 1608 2420 finem
1659 2332 1891 2405 adhuc
1940 2334 2207 2406 saeculi
2250 2359 2463 2430 prae-

314 2436 498 2521 teriti
533 2433 822 2506 Taurini
863 2431 1062 2527 apud
1091 2437 1344 2526 patres
1373 2435 1733 2506 societatis
1767 2435 1925 2506 Iesu
1964 2436 2143 2507 inter
2182 2433 2463 2510 miscell.

323 2534 450 2607 YY.
504 2535 618 2610 20.
669 2532 1128 2627 servabatur,
1193 2536 1342 2605 iam
1390 2556 1533 2605 non
1594 2533 1971 2626 habemus,
2034 2536 2162 2608 sed
2215 2537 2465 2609 Terra-

313 2659 484 2708 neus
533 2641 604 2707 et
646 2635 758 2707 De
803 2634 1024 2707 Lewis
1069 2632 1246 2705 illud
1293 2638 1500 2705 tanta
1564 2657 1723 2705 cum
1775 2634 2132 2729 diliqentia
2183 2659 2464 2731 excepe-
2486 2722 2493 2729 ,

314 2742 497 2827 runt,
549 2741 632 2807 ut
673 2738 828 2829 ipso
878 2733 1126 2819 facile
1143 2757 1388 2807 carere
1430 2756 1643 2828 posse
1692 2734 2078 2808 videamur.

459 2834 754 2908 Editum
785 2837 1018 2930 primo
1081 2834 1219 2918 fuit
1264 2834 1641 2907 chronicon
1708 2860 1775 2907 a.
1832 2836 2043 2910 1636.
2107 2838 2315 2927 1641.
2372 2836 2465 2910 ab
2553 2875 2557 2879 ·
2618 2859 2625 2865 ·

312 2934 600 3015 Andrea
651 2933 1126 3007 Duchesne
1185 2936 1260 3006 in
1321 2936 1797 3028 scriptoribus.
1849 2936 2185 3009 historiae
2234 2938 2465 3009 Fran-

312 3039 508 3109 cicae
557 3036 648 3131 II,
705 3036 869 3111 223.
933 3035 1062 3129 III,
1114 3036 1281 3111 635.
1335 3060 1420 3108 ex
1468 3038 1622 3130 ipso
1676 3036 1917 3109 codice
1974 3037 2466 3133 Novaliciensi,

313 3144 476 3209 tunc
536 3138 786 3231 primis
859 3142 1133 3208 tantum
1200 3158 1324 3207 sex
1388 3137 1721 3231 capitulis
1774 3144 2073 3210 carente.
2189 3133 2283 3210 At
2326 3161 2467 3211 non

315 3239 554 3309 omnia
609 3237 798 3309 dedit
844 3235 1325 3329 Duchesnius5
1375 3236 1562 3310 duos
1602 3240 1879 3331 priores
1920 3238 2139 3311 libros
2183 3241 2466 3310 omnino

315 3339 568 3431 reiecit,
621 3362 708 3409 ex
757 3336 1038 3431 reliquis
1088 3360 1230 3409 non
1275 3361 1519 3439 pauca
1570 3341 1821 3412 omisit.
1936 3338 2050 3410 Vel
2095 3339 2196 3410 sic
2231 3343 2469 3409 tamen

315 3437 578 3509 lacuna
628 3436 787 3509 libri
832 3439 1073 3533 'quarti
1123 3461 1208 3511 ex
1276 3461 1355 3509 eo
1405 3440 1715 3511 maxime
1770 3438 2080 3531 suppleri
2118 3443 2357 3553 potest
2404 3445 2475 3511 et

317 3534 588 3630 reliqua
639 3560 794 3608 eum
845 3539 1027 3608 satis
1077 3544 1414 3611 accurate
1477 3537 1787 3610 codicem
1854 3538 2274 3630 expressisse
2341 3538 2516 3611 do-‘

316 3642 513 3707 cent:
591 3636 838 3721 deinde
909 3636 1269 3735 Rochex
1342 3638 1412 3709 la
1477 3637 1757 3731 gloire
1780 3636 1873 3707 de
1937 3637 2009 3708 la
2079 3639 2465 3737 Novalese,

317 3734 708 3812 Chamberi
757 3737 1110 3810 16764ιο
1163 3743 1494 3828 excerpta
1546 3734 1739 3808 dedit
1779 3737 2005 3809 multa
2056 3744 2127 3810 et
2169 3762 2463 3836 mayna,

314 3837 443 3909 sed
493 3860 579 3907 ex
627 3834 874 3933 quibus
923 3858 1138 3907 unum
1189 3836 1677 3910 tantummodo
1742 3837 1977 3910 locum
2036 3838 2294 3911 lucrati
2348 3862 2465 3913 su-

314 3962 510 4032 mus,
577 3961 662 4009 a
678 3936 959 4032 reliquis
1009 3937 1533 4029 excerptoribus
1586 3942 2181 4053 praetermissum.
2297 3941 2472 4013 Post

314 4037 496 4127 hunc
547 4037 840 4109 Marcus
887 4034 1228 4108 Antonius
1291 4038 1722 4111 Carretto
1790 4041 1935 4113 vita
1998 4040 2087 4112 di.
2138 4041 2283 4113 San
2350 4040 2465 4113 El-

317 4138 582 4235 dradO,
638 4139 904 4213 Torino
965 4138 1170 4212 1693.
1241 4141 1336 4214 4ιθ
1406 4138 1783 4249 chronicon
1852 4144 2198 4236 inteyrum
2264 4140 2467 4213 edere
