3034 4900
545 274 644 348 88
987 275 1529 350 CHRONJCON
1586 218 2281 354 No'vALlcfflNSE.

545 461 664 555 qui
713 464 1162 552 nuncupatur
1211 457 1689 552 Novalicium,
1773 484 1820 532 a
1861 458 2177 556 quodam
2220 463 2525 557 patricio
2577 485 2702 534 no-

545 561 729 632 mine
787 557 1105 653 Abbone,
1175 564 1485 653 tempore
1548 559 1811 631 scilicet
1885 559 2281 640 Theoderici
2345 563 2567 657 reqis,
2638 567 2707 634 et

549 659 866 753 deinceps
919 683 967 729 a
1000 658 1273 730 Karulo
1321 661 1747 753 imperatore
1794 662 2190 755 cunctisque
2222 662 2705 734 Romanorum

522 837 525 840 ,
543 759 1010 854 ρνίηοίρίὂαε,
1073 758 1388 832 videlicet
1447 759 1844 831 consulibus
1907 762 2229 854 patriciis
2292 770 2361 834 et
2420 768 2703 834 senato-

553 859 779 953 ribus,
849 861 1014 954 quin
1081 861 1294 931 etiam
1363 861 1455 931 ab
1528 862 1868 933 universis
1933 859 2320 934 ordinariis
2386 862 2705 935 Romane

551 958 904 1052 ecclesiae,
957 961 1188 1032 sacris
1237 961 1484 1032 litteris
1506 962 1815 1055 precepti
1866 966 1936 1031 et
1978 961 2318 1057 privileqii
2367 962 2704 1036 corrobo-

552 1065 714 1132 rato
769 1066 978 1156 atque
1029 1060 1430 1134 beatissimo
1482 1060 1690 1133 Petro
1760 1059 2217 1134 claviculario
2272 1063 2553 1135 caelesti
2602 1061 2705 1134 di-

551 1166 712 1232 cato
729 1187 758 1252 ,-
809 1163 1129 1256 insuper,
1178 1186 1315 1256 pro
1365 1162 1621 1246 nefas!
1674 1185 1720 1232 a
1772 1161 1958 1255 dyra
2006 1169 2205 1256 qente
2258 1161 2702 1236 Sarraceno-

551 1283 708 1332 rum
743 1261 861 1333 illo
896 1265 1413 1355 superveniente
1455 1260 1773 1346 funditus
1825 1261 2195 1358 dissipata,
2248 1262 2376 1336 sed
2422 1285 2707 1336 rursum

553 1368 899 1432 annuente
959 1365 1203 1455 qratia
1262 1363 1549 1456 superni
1598 1361 1985 1434 conditoris
2038 1386 2085 1434 a
2135 1363 2448 1459 quodam
2494 1387 2705 1435 -mar-

551 1459 794 1531 chione
869 1459 1322 1534 Adhelbertus
1388 1462 1699 1555 nomine,
1758 1467 1971 1556 pater
2037 1463 2459 1558 Berenqarii
2521 1466 2710 1558 reqis

553 1562 670 1656 qui
735 1559 1132 1657 dicebatur,
1212 1561 1500 1647 feliciter
1574 1567 2005 1654 restaurato¹
2055 1565 2127 1635 in
2194 1563 2453 1658 oppido
2518 1563 2711 1659 quod

554 1659 808 1732 dicitur
880 1661 1288 1734 Bremidum
1308 1719 1330 1758 ,
1421 1665 1653 1758 iuqem
1730 1669 2011 1756 eternae
2082 1664 2569 1749 famulationis
2644 1669 2716 1735 et

555 1761 889 1832 assiduae
939 1765 1405 1836 venerationis
1456 1767 1954 1858 constantiam,
2018 1767 2557 1860 continuamque
2604 1767 2707 1836 in-

555 1860 936 1948 effabilium
983 1866 1388 1935 orationum
1425 1865 1694 1935 seriem.
1777 1864 1838 1935 Ο
1886 1863 2409 1936 clementissime
2448 1871 2710 1957 pastor

559 1967 765 2055 atque
811 1964 1180 2034 universae
1231 1963 1570 2056 Eurupae
1621 1969 1873 2054 rector,
1926 1962 2251 2034 doctrina
2288 1986 2447 2034 vere
2498 1965 2709 2044 eccle-

551 2062 964 2131 siasticaeve
997 2062 1410 2156 sapientiae,
1461 2063 1869 2132 intimamus
1898 2067 2173 2132 vestrae
2206 2064 2568 2133 sanctitati
2618 2088 2711 2146 ac

551 2159 952 2232 clementiae
979 2161 1454 2256 nobilitatique
1485 2163 1799 2256 inqenue,
1836 2160 2028 2258 quod
2049 2163 2482 2256 prescriptus
2512 2185 2707 2233 mar-

553 2259 730 2354 chio,
785 2262 902 2356 qui
930 2264 1264 2334 restruxit
1298 2263 1806 2342 monasterium
1858 2263 1931 2332 in
1978 2261 2390 2355 supradicto
2420 2261 2705 2356 oppido,

555 2364 970 2434 convocavit
1005 2367 1086 2433 eo
1139 2386 1383 2435 omnes
1431 2362 1821 2436 monachos
1873 2364 2161 2458 antiqui
2192 2363 2537 2458 coenobii,
2592 2363 2712 2459 qui
2750 2365 2757 2370 ’

554 2485 601 2533 a
639 2464 1273 2556 supervenientibus
1300 2462 1729 2535 Sarracenis
1779 2468 1989 2534 erant
2034 2463 2331 2557 dispersi
2374 2467 2445 2535 in
2485 2464 2710 2549 diver-

550 2564 650 2634 sis
687 2564 1067 2656 provinciis
1108 2588 1238 2658 per
1291 2564 1440 2636 alia
1490 2565 1963 2659 monasteria,
2016 2564 2407 2659 relinquens
2448 2562 2543 2636 ibi
2567 2587 2710 2636 non

555 2665 883 2758 exiquam
911 2671 1192 2759 partem
1243 2668 1354 2736 sui
1394 2664 1695 2759 praedii.
1792 2663 1937 2736 Sed
1986 2663 2324 2737 moderno
2376 2670 2708 2763 tempore,

553 2764 744 2857 quod
790 2764 901 2835 ille
954 2765 1206 2861 aliique
1256 2765 1388 2837 sibi
1438 2765 1834 2838 consimiles
1884 2764 2194 2837 bonitate
2237 2772 2486 2837 sancto
2544 2787 2705 2837 con-

552 2870 911 2935 cesserunt
955 2864 1148 2961 loco,
1204 2865 1384 2936 alter
1431 2867 1729 2937 insanus
1778 2871 1847 2937 et
1892 2866 2162 2940 inmani
2212 2868 2523 2937 amentia
2593 2864 2707 2937 de-

553 2968 778 3034 tentus
825 2965 1100 3057 penitus
1152 2963 1528 3059 abstraxit,
1581 2966 1907 3035 nimirum
1959 2962 2279 3037 marchio
2330 2964 2705 3081 Arduinus,

553 3085 790 3155 rapax
854 3064 1097 3157 lupus,
1177 3062 1404 3135 latens
1465 3063 1593 3136 sub
1645 3066 1951 3159 imaqine
2002 3064 2303 3137 candide
2354 3068 2541 3146 ovis
2604 3068 2707 3136 in·

549 3186 852 3259 qensque
891 3165 1284 3237 destructor
1332 3164 1665 3237 ecclesiae
1712 3165 1999 3260 Christi,
2067 3166 2288 3251 ferme
2318 3167 2713 3282 predictum

553 3262 980 3337 destructum
1032 3254 1251 3337 habet
1292 3265 1741 3358 coenobium,
1792 3265 1925 3337 nisi
1966 3266 2157 3361 quod
2192 3273 2529 3362 superest,
2582 3268 2709 3339 mi-

551 3363 945 3438 sericordia
982 3344 1115 3438 Dei
1145 3372 1400 3461 tuaque
1433 3366 1797 3439 clementia
1849 3389 1937 3438 ac
1985 3390 2267 3439 summa
2298 3370 2544 3461 pietas
2580 3391 2713 3441 nos

549 3466 866 3551 famulos
931 3472 1088 3539 tuos
1154 3470 1551 3565 respexerit.
1668 3467 1989 3563 Namque
2038 3474 2120 3540 ut
2170 3470 2566 3565 accepimus
2618 3468 2713 3540 ab

553 3567 858 3660 antiquis
926 3573 996 3638 et
1053 3566 1564 3642 venerabilibus
1628 3566 1933 3639 eiusdem
1984 3567 2123 3639 loci
2164 3569 2495 3663 patribus
2505 3626 2528 3665 ,
2579 3568 2713 3641 hoc

552 3666 962 3737 coenobium
1023 3690 1299 3761 semper
1365 3669 1503 3753 fuit
1557 3667 1955 3741 subbditum
2035 3667 2461 3755 defensionis
2516 3688 2711 3761 pape

551 3762 871 3836 Romani.
980 3765 1328 3854 Quoniam
1379 3767 1656 3863 quidem
1702 3774 2149 3841 constructor
2182 3778 2246 3843 et
2301 3776 2499 3842 octor
2532 3767 2712 3837 eius·-

553 3863 710 3935 dem
762 3864 1058 3961 reliquid
1120 3868 1350 3960 ipsum
1403 3867 1660 3940 dicioni
1710 3870 1928 3941 eterni
1976 3873 2165 3966 reqis
2228 3874 2298 3941 et
2361 3866 2714 3963 quberna-

550 3964 706 4037 culo
759 3965 1134 4039 clarissimi
1167 3966 1539 4060 apostolici
1590 3968 1873 4040 basilice
1926 3977 2339 4042 cunctarum
2378 3966 2711 4041 basilica-

551 4088 708 4137 rum
761 4066 1396 4163 excellentissimae,
1450 4068 2027 4163 inexplicabiliter
2076 4068 2469 4162 deprecans
2518 4067 2714 4140 illum
