3034 4900
1169 227 1654 364 APeEme.
2402 283 2502 358 87
2556 392 2560 396 ἢ

340 463 608 538 Christi
643 463 814 550 874,
831 461 1201 554 inditione
1241 467 1312 558 6
1349 487 1606 547 mense
1650 463 1879 575 lunio,
1934 463 2115 536 felia
2146 466 2217 559 6
2252 465 2499 562 quinta

337 564 520 637 hora
571 563 828 678 noctiS‚
885 574 1262 636 ostensum
1317 574 1430 636 est
1475 563 1768 678 signum
1823 562 1895 634 in
1952 565 2177 636 coelo,
2255 569 2496 664 Appa-

337 663 482 736 ruit
533 665 724 739 enim
783 664 996 736 stella
1049 665 1434 738 commatis
1499 663 1575 735 in
1646 665 1937 760 signum
1992 665 2279 758 arietiS,
2356 668 2494 739 ful-

335 788 520 858 gens
592 763 794 862 quasi
875 765 1224 858 faculam,
1320 764 1641 862 luxitque
1727 789 1860 862 per
1936 763 2091 838 dies
2178 765 2495 838 14.1n

332 863 513 962 ipso«
569 888 748 940 vero
825 889 1014 937 anno
1097 864 1410 936 domnus
1487 863 1898 950 Ludovicus
1985 865 2495 940 serenissimus

331 975 690 1060 augustus
762 964 939 1038 obiit
1001 986 1258 1035 mense
1330 967 1661 1058 Augusto
1731 963 1915 1037 feri-a
1976 966 2063 1057 6.,
2130 977 2203 1038 et
2266 965 2494 1038 Karo—

331 1065 446 1136 lus
511 1088 640 1136 rex·
703 1067 1148 1139 Francorum
1218 1063 1594 1158 ingressus
1632 1076 1777 1136 est
1846 1065 1918 1137 in
1990 1065 2271 1138 Italiam
2325 1090 2493 1138 cum

332 1164 792 1237 multitudine
834 1188 1140 1258 magna,
1195 1173 1270 1236 et
1320 1163 1631 1236 obtinuit
1681 1188 1989 1260 regnum
2044 1167 2211 1237 anni
2256 1167 2319 1239 2.
2410 1165 2491 1239 In

330 1264 650 1336 secundo
728 1288 906 1336 vero
983 1288 1170 1334 anno
1251 1289 1468 1360 quam
1534 1264 1909 1360 ingressus
1990 1278 2102 1339 est
2175 1263 2489 1362 Italiam,

329 1365 670 1462 apparuit
735 1363 1070 1438 similiter
1136 1387 1392 1439 mense
1467 1365 1731 1438 Marcio
1812 1366 2027 1438 stella
2079 1366 2488 1462 commatiS‚

331 1477 540 1562 parte
569 1463 991 1539 occidentali
1041 1465 1110 1535 in
1156 1464 1456 1560 signum
1493 1462 1734 1560 Libre,
1789 1475 1865 1537 et
1916 1463 2099 1537 luxit
2150 1490 2281 1563 per
2332 1466 2489 1540 dies

329 1566 450 1660 15,
501 1565 633 1638 sed
689 1591 832 1638 non
885 1577 1036 1636 tam
1072 1565 1516 1676 prefulgida,
1572 1590 1790 1660 quam
1842 1565 1965 1638 issa
2002 1589 2185 1662 quae
2240 1565 2486 1664 primi-

325 1675 443 1737 tus
497 1666 855 1762 apparuit.
932 1664 1012 1735 ln
1068 1667 1226 1761 ipso
1259 1688 1434 1734 vero
1487 1688 1675 1734 anno
1730 1677 2061 1738 mortuus
2108 1678 2220 1739 est
2258 1667 2487 1738 Karo-

329 1765 443 1837 lus
511 1765 950 1861 imperatm,
1033 1776 1104 1836 et
1171 1749 1799 1836 Karolusmannus
1874 1787 1999 1836 rex
2070 1763 2487 1858 Bagioario-

327 1887 492 1935 rum
544 1864 925 1958 ingressus
977 1862 1048 1934 in
1105 1863 1390 1936 Italiam
1445 1889 1611 1936 cum
1664 1863 1941 1937 infinita
1994 1863 2245 1961 populi
2297 1865 2483 1936 mul-

323 1963 657 2058 titudine,
713 1976 785 2036 et
823 1963 1133 2038 obtinuit
1183 1989 1525 2059 regumn.-
1611 1964 1691 2037 ln
1743 1963 2077 2064 proximo
2129 1989 2303 2036 vero
2359 1989 2482 2064 ap-

324 2065 564 2162 paruit
595 2065 816 2138 alium
857 2065 1150 2160 signum
1203 2065 1277 2136 in
1314 2067 1519 2136 coelo
1557 2065 1914 2152 mirabile„
1966 2064 2200 2162 pridie
2236 2067 2482 2139 Nouos

320 2165 876 2261 Ianuarii,·cu1n
931 2176 1126 2238 esset
1178 2165 1468 2236 coelum
1519 2176 1753 2237 totum
1806 2187 2176 2259 serenum„
2232 2167 2480 2238 etiam

321 2286 588 2336 aurora
651 2263 1186 2358 crebresceret,
1259 2274 1334 2334 et
1405 2265 1739 2360 apparuit
1788 2265 1908 2335 lux
1963 2265 2333 2360 inmensa,
2408 2277 2483 2340 ut

319 2363 528 2437 nobis
581 2363 820 2438 visum
874 2375 988 2437 est
1040 2362 1244 2463 quasi
1291 2363 2141 2459 duodecim.momenta;
2198 2374 2479 2436 etcum

320 2464 580 2539 fuisset
629 2465 1094 2539 intervallum
1153 2465 1359 2561 quasi
1412 2476 1757 2558 punctum
1814 2490 2080 2561 unum,
2153 2464 2519 2538 auditum-

316 2576 434 2639 est
503 2566 900 2639 tonitruum
953 2590 1304 2659 magnum
1359 2565 1429 2637 in
1485 2566 1731 2660 coelo,
1800 2564 1994 2662 quod
2047 2589 2303 2638 omnes
2356 2566 2478 2663 qui

320 2665 702 2739 audierunt
735 2678 808 2739 et
848 2664 1192 2738 viderunt
1239 2677 1391 2738 tam
1425 2665 1860 2741 inmensum
1912 2666 2186 2762 lumen,
2240 2676 2475 2739 exter-

318 2765 438 2838 riti
497 2778 668 2839 sunt
718 2776 793 2839 et
844 2766 1224 2864 pavefacti
1494 2788 1500 2795 ·

465 2866 527 2939 3.
581 2866 856 2939 Preclui
897 2868 1097 2961 apice
1145 2864 1530 2983 apostolice
1560 2865 1921 2960 diynitatis
1963 2865 2281 2939 decenter
2312 2890 2473 2961 pre

313 2966 480 3064 dito,
529 2970 1037 3063 perspicuaque
1085 2968 1440 3061 prosapia
1484 2965 1823 3039 luculente
1871 2967 2321 3061 inqenuitatis
2370 2968 2472 3039 in-

313 3067 688 3153 effabiliter
739 3068 1197 3163 precluenti‚
1235 3073 1443 3163 atque
1507 3074 1713 3139 vasto
1783 3066 2115 3167 doymate
2180 3066 2473 3160 sophiae

315 3166 678 3239 rutilantis
729 3192 817 3240 ac
884 3170 1350 3263 sempiternae
1417 3166 1737 3240 sollerter
1784 3170 2135 3259 instituto,
2208 3166 2469 3238 domno

312 3265 614 3337 Iohanni
652 3268 1032 3339 venerabili
1057 3291 1248 3361 pape
1297 3268 1689 3360 insiyni'que
1734 3270 2045 3357 patrono
2098 3267 2311 3337 totius
2360 3288 2469 3335 ec-

313 3366 568 3439 clesiae
643 3366 1022 3441 christiane
1089 3366 1482 3460 reliyionis.
1525 3389 1615 3437 ac
1689 3388 1854 3435 vere
1916 3364 2117 3458 fidei,
2197 3387 2471 3437 necnon

315 3469 592 3537 auctori
661 3473 898 3541 rectae
960 3466 1430 3553 credulitatis,
1497 3488 1701 3561 quem
1764 3464 2111 3539 Dominus
2169 3470 2337 3558 post
2394 3488 2469 3537 se

309 3566 646 3662 eliquatus
684 3573 792 3641 est
827 3566 1210 3641 sublimare
1260 3568 1332 3638 in
1381 3554 1873 3638 sacratissimo
1911 3571 2261 3659 suyyestu
2281 3564 2470 3637 Petri

309 3674 378 3740 et
423 3666 630 3739 Pauli
673 3669 1070 3761 principum
1110 3666 1620 3760 apostolorum,
1676 3670 1745 3735 et
1780 3668 1892 3735 cui
1942 3667 2070 3737 rite
2118 3667 2471 3739 commisit

307 3791 473 3842 oves
523 3769 719 3839 sacri
767 3770 1042 3863 yreyis‚
1113 3766 1550 3862 Beleqrimas
1600 3765 1876 3839 humilis
1927 3766 2153 3838 abbas
2204 3770 2466 3840 cuncti·

309 3890 440 3962 que
488 3869 758 3953 fratres
809 3867 1262 3940 cenobitalem
1315 3869 1534 3938 vitam
1599 3866 1926 3941 ducentes
1991 3869 2063 3938 in
2129 3867 2465 3942 coenobio

311 3966 691 4041 beatissimi
739 3969 966 4063 Petri,
1041 3970 1276 4064 prisco
1341 3974 1650 4061 tempore
1720 3972 1987 4039 structo
2054 3968 2203 4052 fere
2270 3967 2469 4059 alpes

311 4065 635 4160 Siyusiae
687 4072 1025 4163 civitatis,
1091 4092 1274 4165 quae
1325 4074 1431 4143 est
1479 4070 1771 4159 confinis
1820 4066 2107 4161 Italiae,
2186 4069 2257 4139 in
2307 4067 2463 4139 loco
