3034 4900
1111 363 1592 436 APPENDIX.
2338 360 2433 434 93

677 546 1057 622 Chuni-ado
1131 545 1424 619 multum
1489 547 1799 618 serviens

682 648 978 721 Tantum
1044 669 1300 720 aurum
1357 647 1744 739 incanduit,

671 748 1055 822 Promissio
1102 746 1476 842 prevaluit.

277 851 636 949 Itemque:

674 947 1045 1022 Cucullata
1093 945 1354 1018 milicia
1407 965 1416 980 ⁴

638 1084 642 1089 ’
676 1049 921 1126 Orruit
964 1047 1152 1119 hanc
1203 1043 1610 1135 maliciam,-

669 1150 767 1221 Hi
815 1153 982 1220 sunt
1027 1146 1340 1218 columbe
1386 1144 1543 1238 filii,

673 1249 770 1320 Et
812 1254 1165 1340 serpentes
1229 1244 1571 1339 discipuli.

631 1375 634 1382 ·
671 1349 860 1420 Nam
911 1371 1040 1443 eqo
1094 1347 1388 1441 req‘num
1439 1346 1679 1437 circui,

670 1449 769 1520 Et
831 1447 1150 1520 claustra
1201 1445 1427 1518 multa
1473 1444 1688 1530 fricui
1701 1471 1732 1535 ,-

672 1548 818 1621 Sed
865 1571 1229 1644 nunquam
1286 1545 1430 1618 vidi
1479 1545 1759 1640 aliquos

673 1649 792 1721 Sic
841 1654 1224 1741 temperate
1275 1644 1599 1738 callidos,

679 1749 769 1822 Ut
815 1747 1298 1819 Bremetenses
1346 1742 1758 1838 monachos,

678 1846 875 1919 Ostili
919 1847 1182 1932 fraude
1251 1845 1567 1938 anichos,

675 1946 1094 2040 Spernentes
1143 1949 1386 2042 iuyum
1431 1967 1803 2039 summere,

673 2047 878 2136 Quod
927 2049 1112 2142 reyis
1163 2047 1380 2121 datur
1427 2068 1730 2119 munere.

474 2149 540 2222 6.
615 2147 802 2221 Data
863 2149 1108 2246 itaque
1173 2147 1461 2221 abbatia
1513 2158 1663 2240 est,
1732 2145 1923 2219 sicut
1970 2171 2189 2245 supra
2240 2159 2437 2222 retu-

275 2248 536 2342 limu53
591 2248 781 2319 unde
833 2247 1060 2320 abbas
1113 2271 1278 2319 cum
1329 2246 1710 2318 monachis
1772 2271 1918 2318 non
1970 2248 2256 2321 modice
2310 2248 2436 2321 do-

277 2347 586 2419 luerunt.
704 2347 1106 2445 Episcopus
1171 2370 1348 2418 vero
1402 2345 1661 2417 callide
1714 2345 1893 2418 satis
1947 2371 2215 2444 agens,
2269 2373 2435 2446 pro·

277 2446 474 2521 tinus
519 2446 796 2521 invadit
847 2445 1238 2542 abbatiam,
1291 2471 1376 2519 ac
1425 2445 1745 2519 famulos
1797 2445 2039 2520 iurare
2090 2447 2227 2521 sibi
2257 2447 2437 2521 fide-

277 2547 556 2622 litatem
609 2548 977 2645 compulit.
1057 2550 1184 2619 ·Et
1247 2547 1353 2620 eis
1407 2546 1528 2644 qui
1580 2547 1969 2621 noluerunt
2019 2561 2217 2623 metu
2274 2573 2435 2645 suo,

275 2648 368 2721 ab
406 2674 580 2721 arva
609 2650 964 2745 exierunt,
1016 2648 1512 2744 relinquentes
1546 2648 1877 2746 proprias
1909 2649 2192 2721 domus.
2262 2650 2437 2721 Pru-

275 2749 650 2823 dentiores
685 2771 997 2847 namque
1039 2748 1374 2821 monachi
1423 2771 1559 2821 suo
1595 2748 2015 2847 conspectui
2048 2747 2437 2846 aliquando

277 2850 672 2923 noluerunt
723 2873 802 2927 se
855 2859 1321 2949 presentare3
1377 2872 1547 2919 nam
1583 2872 1800 2921 omne
1839 2849 2266 2923 thesaurum
2312 2874 2437 2923 au·-

277 2950 600 3023 ferentes
633 2973 882 3023 secum
915 2951 1477 3023 occultaverunt.
1580 2948 1745 3047 Ipse
1778 2949 2000 3045 igitur
2038 2950 2439 3024 Taurinum

276 3050 617 3141 veniem.
685 3051 836 3147 egit
898 3062 1054 3124 arte
1123 3049 1384 3122 callida
1449 3073 1614 3121 curn
1685 3051 2107 3124 marchione
2162 3051 2435 3147 Magiu-

279 3150 486 3222 fredo
541 3161 618 3224 et
667 3153 895 3223 fratre
930 3176 1063 3223 suo
1103 3148 1437 3224 Adalrico
1473 3152 1793 3247 presule,
1847 3152 2163 3247 datoque
2200 3152 2435 3223 multo

277 3250 552 3345 precia,
607 3260 684 3322 ut
715 3250 1054 3324 abbatem
1089 3262 1402 3348 caperet.
1481 3248 1692 3336 Quod
1736 3261 1811 3322 et
1844 3251 2037 3322 fecit.
2130 3251 2269 3337 Qui
2309 3273 2437 3346 pa·-

278 3350 428 3420 lam
482 3348 776 3421 omnino
830 3349 1154 3445 nequivit
1204 3351 1448 3420 facere
1500 3346 1692 3444 quod
1740 3348 2040 3446 optabat
2080 3390 2171 3401 -
2226 3348 2437 3423 time-

278 3448 406 3521 bat
473 3449 670 3521 enim
731 3449 930 3522 cives
980 3450 1208 3547 ipsius
1274 3446 1587 3520 civitatis
1636 3488 1730 3502 -—-
1788 3449 1918 3521 sed
1984 3450 2259 3521 malum
2322 3472 2437 3522 ce-

277 3547 552 3621 trinum
603 3548 740 3647 ipsi
795 3549 1140 3645 dirigens,
1193 3548 1693 3646 mandansque
1744 3560 1825 3623 ut
1874 3549 1966 3622 ad
2010 3572 2095 3621 se
2128 3549 2435 3647 veniret,

275 3660 355 3722 et
403 3648 508 3721 sic
558 3648 874 3723 tradidit.
996 3650 1100 3723 In'
1146 3648 1545 3723 crastinum
1613 3660 1854 3722 autem
1921 3650 2439 3725 convenientes

275 3773 536 3822 omnes
589 3749 784 3822 cives
835 3750 906 3821 in
959 3773 1226 3843 unum,
1289 3749 1681 3822 voluerunt
1749 3748 2087 3824 abbatem
2152 3751 2437 3849 eripere

277 3850 386 3943 νίς
450 3850 580 3923 sed
637 3848 1004 3947 predictus
1057 3848 1383 3923 marchio
1433 3873 1600 3921 cum
1652 3849 1865 3922 turba
1912 3850 2230 3926 militare
2270 3876 2436 3949 pre-

279 3950 526 4045 valuit,
578 3950 1020 4025 interdicens
1072 3949 1255 4046 illis,
1307 3973 1399 4022 ne
1454 3949 1625 4047 quid
1679 3950 2154 4025 offenderent.
2266 3952 2436 4052 Epi·

277 4069 542 4144 scopus
605 4075 781 4126 vero
853 4075 1105 4125 secum
1157 4050 1500 4124 abbatem
1548 4050 1685 4125 sub
1755 4051 2085 4125 custodia
2136 4052 2435 4149 ducens»,

277 4148 720 4245 mancipavit
781 4152 989 4227 illum
1054 4176 1226 4227 mox
1295 4152 1369 4224 in
1439 4174 1843 4245 carcerem3
1914 4175 1999 4225 ac
2060 4178 2205 4227 non
2268 4164 2437 4252 post
