3034 4900
587 347 686 421 78
1033 344 1583 421 CHRONICON
1636 345 1699 417 N
1704 345 2345 466 QVALICIENSE.

587 528 740 604 Sed
801 528 913 600 vir
977 527 1371 601 timoratus
1439 551 1587 600 non
1661 528 1903 601 solum
1980 554 2126 600 non
2196 531 2423 625 fugit,
2506 555 2765 604 verum

588 630 812 702 etiam
863 630 1110 700 locum
1175 627 1380 700 dedit
1435 627 1589 700 irae
1654 638 1731 699 et
1794 626 2077 701 distulit
2144 631 2371 726 pedes
2424 639 2619 702 statu
2672 631 2763 702 ab

586 730 742 822 illo,
793 739 868 800 et
918 727 994 798 in
1047 728 1349 798 domum
1405 727 1628 798 aliam
1681 739 2027 824 preparat
2079 728 2215 801 sibi
2256 729 2763 824 refectionem,

587 850 960 939 parvoque
1029 826 1418 898 intervallo
1484 826 1793 899 meditat
1860 826 1935 898 in
1986 829 2434 923 orationem⁷
2504 841 2765 902 venter

589 926 750 1000 eius
800 925 1132 998 herendo
1186 925 1257 996 in
1311 935 1613 997 terram.
1730 924 1837 998 lbi
1908 925 2082 998 dum
2142 930 2547 1025 protelaret
2600 951 2763 1000 ora-

585 1026 899 1120 tionem,
965 1048 1102 1123 per
1149 1025 1389 1096 visum
1459 1025 1565 1097 illi
1616 1027 2066 1138 patefactum
2120 1039 2271 1122 est
2336 1025 2551 1098 Wido
2617 1051 2761 1098 non

587 1125 712 1198 diu
763 1141 1158 1198 mansurus
1211 1126 1284 1196 in
1331 1125 1472 1196 hac
1504 1123 1749 1219 fragili
1788 1125 1960 1198 vita.
2067 1127 2381 1214 Quidam
2416 1127 2764 1200 sacerdos

586 1225 810 1322 longe
863 1249 1172 1298 manens
1237 1223 1310 1295 in
1365 1225 1649 1297 somnis
1698 1220 1914 1320 vidit,
1984 1248 2151 1297 sese
2204 1226 2508 1298 tendere
2562 1249 2763 1321 gres·

587 1349 753 1398 sum
810 1325 882 1397 in
934 1326 1181 1396 lucum
1235 1323 1355 1418 qui
1409 1332 1527 1394 est
1575 1323 1775 1393 iuxta
1808 1322 2148 1394 Padum
2130 1349 2203 1395 m
2238 1326 2401 1396 loco
2436 1325 2765 1418 Fadoae,

586 1436 662 1496 et
729 1424 824 1494 ibi
879 1423 951 1494 in
1022 1422 1306 1494 visione
1371 1420 1555 1494 vidit
1619 1419 1805 1492 duos
1857 1422 2213 1495 demones
2279 1426 2651 1520 furentes,
2720 1447 2763 1496 a

584 1546 897 1620 quorum
976 1533 1139 1594 estu
1218 1519 1661 1593 videbantur
1733 1520 1920 1591 rami
2004 1532 2079 1593 et
2158 1520 2336 1594 folia
2416 1523 2765 1594 arborum

585 1644 838 1716 urere,
893 1629 1270 1716 gestantes
1325 1644 1545 1692 enses
1594 1618 2000 1692 flamiferos
2040 1619 2127 1691 in
2178 1620 2540 1694 manibus.
2622 1623 2761 1710 Qui

585 1719 764 1792 dum
816 1719 1330 1814 graderentur,
1383 1729 1793 1792 retrorsum
1848 1719 2207 1816 aspiciunt
2259 1733 2591 1793 sanctum
2632 1722 2761 1792 Pe-

584 1831 783 1892 trum
823 1820 1272 1914 Paulumque
1323 1819 1604 1912 venire,
1656 1819 2151 1916 cedentesque
2204 1820 2475 1913 locum,
2529 1842 2619 1891 ex
2650 1820 2764 1892 via

585 1920 962 1993 secedunt.
1066 1917 1206 1990 Ubi
1258 1919 1562 1990 veniunt
1598 1917 1689 1989 ad
1724 1919 1999 2028 locum,
2052 1918 2535 2014 interrogant,
2590 1919 2759 2014 quid

583 2019 690 2089 rei
733 2028 934 2089 esset
985 2025 1065 2088 ut
1117 2015 1226 2086 sic
1273 2017 1769 2113 trepidarent?
1822 2017 1933 2088 llli
1966 2015 2336 2111 inquiunt:
2401 1973 2762 2111 Vos'iyno-

583 2115 816 2188 ralis?
885 2115 1198 2188 Sanctus
1266 2137 1445 2187 vero
1501 2116 1761 2188 Petrus
1814 2116 2159 2186 auferens
2214 2114 2323 2195 eis
2376 2116 2763 2212 pugiones,

582 2213 835 2310 virgas
889 2213 997 2287 eis
1060 2213 1314 2287 tribuit
1368 2226 1442 2287 et
1493 2213 1765 2310 inquit:
1830 2214 1935 2285 Ite
1986 2219 2057 2284 et
2115 2213 2474 2286 Widonem
2516 2217 2765 2308 punite

583 2315 842 2410 υἰνρὶε,
911 2337 1056 2386 non
1107 2314 1407 2386 ensibus.
1510 2315 1785 2386 Euntes
1838 2337 2017 2386 vero
2069 2314 2173 2386 illi
2241 2328 2765 2411 percusserunt

582 2413 977 2487 Widonem
1013 2413 1450 2486 sedentem
1431 2439 1500 2486 ιιι
1534 2411 1906 2507 convivi03
1947 2412 2067 2509 qui
2103 2415 2473 2512 extemplo
2505 2437 2763 2487 amens

583 2514 933 2610 effectus⁷
999 2512 1236 2585 caruit
1313 2512 1653 2587 sensibus
1720 2512 2137 2608 hominum,
2230 2523 2307 2585 et
2382 2515 2763 2627 improbus

581 2616 810 2687 talem
861 2612 995 2686 luit
1043 2612 1466 2710 vindictam,
1522 2623 1607 2685 ut
1654 2612 1932 2710 absque
1984 2611 2389 2685 munimine
2432 2614 2763 2711 corporis

583 2725 658 2786 et
711 2712 1090 2808 sanguinis
1145 2712 1434 2785 Domini
1489 2712 1743 2785 obiret.

732 2812 849 2885 32.
918 2812 1084 2883 Fuit
1134 2811 1424 2883 hisdem
1475 2811 1931 2909 temporibus
1985 2811 2279 2908 quidam
2330 2812 2763 2908 monachus,

545 2909 762 2983 ‚nihil
815 2909 1243 3005 discrepans
1295 2911 1386 2982 ab
1455 2911 1643 3004 illis⁷
1708 2909 1973 3006 quibus
2036 2911 2477 2983 memoriam
2546 2936 2763 3008 supe-

579 3009 737 3080 rius
805 3007 1136 3080 fecimus.
1281 3009 1416 3079 Hic
1493 3008 1937 3081 observabat
2015 3008 2267 3079 limina
2341 3022 2763 3083 sanctarum

581 3108 1087 3200 ecclesiarum,
1139 3116 1223 3178 ut
1265 3118 1433 3204 post
1464 3107 1977 3179 matutinalem
2028 3105 2355 3178 officium
2391 3107 2482 3179 ad
2528 3119 2765 3181 strata

579 3230 984 3304 numquam
1034 3206 1329 3278 rediret
1432 3206 1514 3278 In
1566 3217 1904 3303 tempore
1956 3206 2180 3301 igitur
2230 3218 2531 3280 sanctae
2584 3231 2761 3305 qua-

579 3306 1048 3403 dragesimae
1100 3317 1452 3379 consueto
1507 3329 1718 3379 more
1770 3317 1941 3378 ante
1992 3329 2197 3377 aram
2250 3307 2481 3380 sancti
2516 3308 2760 3380 Wale-

579 3406 712 3481 rici
765 3405 1063 3497 orabat·
1117 3407 1311 3480 forte
1348 3406 1631 3501 accidit,
1684 3416 1769 3478 ut
1804 3428 2067 3479 somno
2113 3419 2520 3503 caperetur.
2604 3408 2764 3480 Hoc

582 3518 828 3579 actum
894 3517 1010 3580 est
1069 3504 1142 3577 in
1207 3504 1608 3579 festivitate
1675 3507 1907 3579 sancti
1960 3505 2356 3579 Benedicti.
2458 3507 2763 3579 Factum

581 3616 696 3679 est
745 3607 923 3677 dum
976 3603 1472 3701 obdormiret,
1538 3604 1721 3678 vidit
1766 3628 1903 3703 per
1968 3604 2329 3679 visionem
2393 3606 2763 3702 quendam

582 3716 838 3799 togam
919 3705 1166 3776 albam
1236 3704 1575 3778 indutum
1647 3704 1967 3803 desuper
2050 3715 2467 3779 contextam
2534 3726 2759 3797 auro,

581 3814 1004 3899 gestantem
1065 3804 1140 3874 in
1207 3829 1512 3878 manum
1580 3805 2020 3879 turribulum
2087 3828 2392 3877 aureum
2456 3804 2759 3899 plenum

583 3903 956 3977 odorifero
1014 3901 1368 3977 thimiate.
1473 3904 1612 3993 Qui
1672 3928 1841 3977 cum
1890 3903 2219 3977 venisset
2265 3902 2359 3972 ad
2412 3923 2660 3997 aram
2714 3926 2755 3974 a

579 4014 890 4114 quatuor
939 4001 1274 4101 partibus
1325 4004 1674 4078 odoratus
1740 4016 1857 4077 est
1906 4026 2097 4075 eam.
2200 3998 2593 4096 porrigens
2630 4026 2758 4074 au-

581 4115 735 4177 ter-n
787 4101 1012 4198 illud,
1063 4102 1404 4199 inquiens
1455 4103 1563 4175 ei:
1628 4103 1841 4194 Vade,
1890 4102 2139 4173 nuntia
2189 4099 2542 4183 fratribus
2584 4124 2763 4195 euye
