3034 4900
529 339 634 412 60
983 303 2294 404 cHRomcoN-NovAmclsts.

527 576 535 582 .
685 515 836 612 [30.
891 510 1246 584 Veniente
1287 531 1466 607 ergo
1512 505 1779 582 abbate
1816 505 2297 579 Domniverto
2348 527 2518 580 cum
2556 529 2712 578 mo-

529 615 786 692 nachis
853 612 1008 685 suis
1072 619 1150 683 et
1198 633 1366 682 cum
1417 619 1680 682 cuncta
1730 606 2241 704 suppellectile
2294 615 2371 678 et
2421 608 2712 682 thesau-

531 739 701 792 rum
743 733 1126 788 enormem
1174 707 1250 782 in
1302 709 1594 780 civitate
1649 706 2127 802 Taurinensi,·
2160 703 2407 802 ibique
2459 731 2713 779 mona-

527 814 840 894 sterium
884 808 1356 884 aedificantes
1401 806 1914 880 consederunt.
2014 806 2188 878 Erat
2238 815 2488 880 autem
2538 818 2715 880 tunc

526 917 606 990 in
655 912 1030 1014 episcopio
1084 905 1519 984 Taurinensi
1588 905 2018 1004 episcopus,
2088 904 2383 978 nomine
2433 906 2713 980 Wiliel-

529 1038 743 1110 mus,
812 1011 947 1086 sub
1023 1008 1228 1083 cuius
1305 1005 1631 1080 dominio
1700 1017 1859 1080 erat
1926 1004 2345 1102 prepositus
2412 1005 2711 1080 nomine

529 1115 881 1190 Riculfus.
958 1110 1094 1183 Hic
1121 1107 1551 1182 notissimus
1584 1103 1764 1178 satis
1796 1115 1870 1177 et
1906 1103 2187 1178 amicus
2221 1105 2439 1179 valde
2473 1107 2715 1178 fuerat

529 1213 1063 1290 monachorum
1143 1215 1809 1306 suprataxatorum.
1957 1203 2099 1293 Qui
2176 1205 2557 1283 venientes
2635 1207 2711 1278 in

533 1314 957 1390 iamdictam
997 1308 1396 1404 civitatem,
1450 1331 1599 1380 non
1634 1303 2005 1377 habebant
2042 1302 2330 1402 domos,
2385 1306 2509 1380 ubi
2553 1318 2713 1381 tan-

531 1427 650 1491 tos
688 1413 918 1486 libros
971 1421 1043 1483 et
1077 1420 1363 1482 tantum
1398 1407 1834 1479 thesaurum
1879 1404 2246 1477 custodire
2287 1406 2711 1502 quivissent.

533 1510 1256 1592 commendaverunt
1307 1529 1484 1603 ergo
1536 1505 1677 1603 ipsi
1724 1503 2071 1576 monachi
2119 1505 2367 1601 ipsum
2415 1509 2711 1580 thesau-

530 1639 698 1690 rum
743 1611 1028 1686 Riculfo
1079 1610 1494 1707 preposito,
1551 1618 1625 1679 et
1678 1603 1949 1702 aliquid
2002 1627 2092 1677 ex
2144 1603 2305 1702 ipso
2359 1608 2711 1681 thesauro

531 1715 1220 1815 inpignoraverunt‚
1290 1705 1734 1804 accipientes
1804 1728 2211 1803 annonam,
2282 1707 2497 1782 sicuti
2546 1730 2711 1780 mos

530 1828 649 1890 est
699 1813 1149 1887 advenarum
1205 1807 1325 1905 qui
1378 1807 1452 1879 in
1503 1807 1669 1879 loco
1722 1829 1872 1878 non
1923 1817 2200 1880 serunt.
2275 1806 2717 1882 Perturbata

528 1938 708 1989 vero
749 1925 946 1990 terra
979 1919 1278 2009 propter
1312 1918 1594 1980 metum
1640 1905 2206 2000 Saracenorum,
2259 1906 2715 2003 fugientibus

527 2012 912 2090 monachis
975 2053 1075 2064 -
1144 2007 1265 2080 alii
1319 2027 1639 2102 namque
1676 2061 1693 2076 .
1747 2061 1763 2076 .
1816 2061 1833 2075 .
1886 2005 2221 2076 nonnulli
2271 2007 2546 2079 mortui
2616 2047 2709 2060 --

531 2111 957 2210 defungitur
1012 2120 1100 2182 et
1168 2107 1290 2179 ille
1343 2105 1698 2200 Riculqu,
1750 2101 2112 2201 periitque
2166 2105 2715 2202 inpigneratum

532 2227 616 2290 ut
665 2210 1320 2288 accommodatum.
1436 2203 1707 2301 Sicque
1758 2201 2113 2275 remansit
2165 2229 2337 2304 pars
2391 2206 2715 2280 maxima

529 2312 858 2392 thesauri
910 2332 1076 2384 cum
1119 2304 1679 2380 aecclesiasticis
1716 2299 1923 2375 libris
1964 2306 2524 2402 accommodati,
2578 2329 2716 2379 nec

530 2426 789 2517 postea
842 2406 1275 2505 recuperati.
1353 2406 1512 2478 Hoc
1566 2415 1904 2502 tempore
1943 2401 2017 2474 in
2064 2404 2712 2481 Taurinensicivi-

529 2526 684 2589 tate
757 2506 1136 2585 translatio
1207 2507 1405 2578 facta
1482 2517 1597 2578 est
1676 2502 1909 2579 sancti
1982 2501 2299 2577 Secundi
2367 2507 2713 2601 martyris

529 2616 721 2689 infra
773 2610 1186 2704 civitatem,
1265 2605 1388 2702 qui
1457 2604 1599 2679 fuit
1660 2604 1805 2677 dux
1854 2604 2323 2679 Thebeorum
2374 2606 2714 2703 legioniS‚

529 2718 728 2789 facta
780 2736 825 2783 a
874 2709 1144 2783 domno
1199 2706 1545 2779 Wiliemo
1600 2706 1947 2803 episcopo
2001 2731 2192 2780 anno
2263 2705 2713 2780 incarnacio-

531 2813 648 2888 nis
685 2809 1093 2886 dominicae
1125 2807 1295 2883 906.
1375 2806 1512 2879 Hic
1552 2804 1966 2904 composuit
2007 2806 2433 2906 passionem
2478 2806 2711 2881 sancti

531 2910 902 2991 Solutoris
955 2931 1122 2981 cum
1175 2905 1412 2979 tribus
1464 2904 1990 3003 responsoriis3
2044 2921 2120 2981 et
2172 2908 2261 2979 ab
2306 2906 2710 3007 apostolico

532 3016 907 3089 Romanae
973 3007 1171 3082 sedis
1235 3017 1313 3081 et
1382 3017 1811 3080 cunctorum
1880 3008 2395 3106 episcoporum
2464 3008 2588 3103 qui
2637 3006 2711 3079 in

531 3124 785 3188 sancta
837 3108 1119 3206 synodo
1173 3117 1698 3202 convenerant,
1750 3104 1985 3180 tribus
2037 3106 2250 3180 annis
2312 3106 2404 3179 ob
2459 3104 2710 3205 poeni-

531 3214 806 3290 tentiae
859 3232 1159 3284 causam
1211 3206 1302 3280 ab
1357 3206 1784 3305 episcopatu
1836 3230 2241 3305 suspensus
2294 3205 2461 3301 est.]

933 3306 1388 3407 [sxrucrr
1458 3305 1734 3379 LIBER
1812 3306 2315 3402 QUARTUS]

750 3480 1228 3558 INCIPIUNT
1293 3477 1755 3554 CAPITULA
1825 3480 2072 3555 LIBRI
2141 3478 2489 3570 QUINTI.

683 3620 788 3692 De
839 3616 1118 3691 duobus
1171 3615 1559 3690 Saracenis
1575 3671 1598 3710 ,
1651 3620 1769 3713 qui
1818 3620 2049 3713 iqnem
2100 3618 2561 3688 iac-taverunt.

684 3717 794 3790 De
842 3715 1302 3788 Domniverto
1363 3716 1645 3789 abbate.

686 3816 796 3893 De
846 3836 1012 3909 reye
1062 3813 1366 3908 Huyone
1427 3840 1519 3886 ac
1566 3816 1709 3905 filio
1764 3820 1913 3890 eius
1963 3816 2324 3889 Lothan'o.

685 3917 794 3990 De
843 3911 1126 3985 Alberto
1179 3913 1630 4018 marchione2
1675 3924 1891 4011 patre
1942 3910 2362 4009 Berenyarii
2410 3906 2617 4001 reyis.

684 4017 794 4090 De
843 4015 1235 4087 mutatione
1291 4012 1612 4094 ‚eiusdem
1661 4017 2093 4091 monasterii.

689 4118 792 4191 De
844 4114 1216 4210 Beleyrino
1271 4112 1549 4189 abbate.
