3034 4900
544 385 644 460 66
998 376 1550 455 CHRONICON
1605 373 2315 450 NOVALICIENSE.

537 564 737 636 mine
789 561 1112 634 Alineus.
1215 558 1334 632 Hii
1387 581 1569 669 ergo
1624 556 1909 655 prodigi
1976 568 2053 628 et
2118 556 2315 628 e'xuti
2386 555 2729 631 omnibus

537 662 804 755 rebus,
874 659 966 731 ad
1030 659 1318 732 ltaliam
1371 658 1678 729 veniunt
1743 657 1832 728 de
1885 654 2261 729 sterilibus
2326 655 2727 730 montibus,

539 761 874 834 Subeunt
917 758 1108 830 colla
1141 756 1545 848 nobilibu53
1599 753 1915 827 divites
1898 779 1970 826 m
2003 755 2339 851 proximo
2382 753 2727 828 existunt.

540 859 686 957 Ipsi
757 882 936 928 vero
1001 856 1301 930 sibimet
1351 853 1765 951 spondunt,
1839 853 1899 925 si
1968 853 2130 950 quis
2184 877 2444 924 eorum
2501 854 2728 927 alcior

539 958 993 1068 insurgeret,
1048 953 1274 1028 ceteri
1328 953 1621 1024 adiutoi
1626 977 1706 1024 es
1760 963 1837 1024 et
1886 953 2287 1026 servitores
2340 963 2595 1024 essent
2644 953 2727 1024 il-

541 1057 683 1130 lius
720 1055 1063 1128 numinis.
1168 1054 1232 1126 Ο
1269 1051 1547 1125 scelus'
1603 1051 1735 1122 Dei
1786 1050 2161 1148 inprovisa
2214 1061 2387 1123 suut
2438 1051 2725 1148 iudicia,

539 1166 616 1228 et
664 1155 1003 1230 homines
1055 1162 1226 1224 ante
1280 1150 1651 1249 spondunt
1684 1151 2005 1222 honores
2037 1175 2258 1246 quam
2298 1149 2721 1246 adquirant3

541 1253 674 1327 sed
726 1253 990 1351 cupida
1041 1275 1253 1324 mens
1305 1249 1698 1346 aliquando
1753 1251 1949 1344 quod
2002 1261 2251 1346 optat,
2326 1249 2398 1320 in
2469 1273 2727 1322 conse-

542 1353 794 1450 quenti
846 1364 1180 1462 tempore
1235 1360 1561 1447 occupat.
1665 1349 1859 1420 Dum
1895 1348 1995 1421 ita
2032 1349 2725 1441 sermocinarentur,

541 1451 942 1562 RogeriuS,
997 1448 1258 1520 avidus
1307 1446 1607 1521 mortali
1661 1449 1984 1544 honore,
2060 1448 2275 1545 eripit
2323 1449 2726 1523 Aureatem

543 1549 994 1622 comitatum.
1099 1550 1302 1620 Tunc
1354 1547 1648 1642 quidam
1703 1569 1953 1618 comes
2006 1559 2188 1638 erat,
2242 1547 2355 1620 cui
2391 1558 2725 1642 potestas

541 1671 896 1722 concessa
963 1657 1122 1720 erat
1195 1645 1392 1717 illius
1460 1645 1891 1741 comitatuS,
1967 1645 2327 1718 Rodulfus
2402 1646 2721 1718 nomine.

539 1747 775 1820 Aliter
826 1747 1104 1831 sollers
1123 1743 1494 1818 Arduinus
1537 1769 1681 1817 non
1719 1745 1975 1816 valens
2008 1758 2261 1817 tenere
2296 1745 2726 1818 comitatum

537 1846 774 1940 illum,
827 1844 1170 1917 manibus
1222 1844 1295 1915 vi
1353 1843 1562 1916 nexis
1627 1842 1937 1916 militem
1998 1843 2081 1915 fit
2136 1843 2449 1916 Rodulfi.
2554 1845 2723 1940 Ipse

540 1944 856 2040 denique
907 1943 1293 2036 Rodulfus,
1345 1942 1496 2014 iam
1546 1943 1791 2014 fessus
1843 1942 2068 2036 longa
2119 1954 2526 2038 senectute,
2581 1943 2721 2016 Ro-

541 2042 858 2156 gerium·
897 2041 994 2113 ad
1060 2065 1142 2113 se
1205 2049 1422 2114 vocat
1497 2041 1804 2112 semotis
1868 2039 2181 2113 cunctis:
2294 2039 2495 2115 thes
2566 2063 2721 2132 me,-

539 2141 786 2212 creber
833 2141 907 2211 in
955 2139 1170 2212 malis
1219 2140 1464 2210 curias
1511 2137 1791 2232 requies
1840 2138 1991 2208 iam
2040 2136 2351 2210 lustrare
2390 2161 2535 2210 non
2568 2143 2722 2225 suf-

539 2240 700 2326 ficio
711 2266 742 2331 ,-
794 2241 995 2311 mitto
1049 2243 1115 2310 te
1169 2237 1271 2310 ad
1319 2261 1510 2331 eum,
1564 2242 1647 2308 ut
1692 2235 2095 2310 consideres
2145 2259 2330 2332 quae
2378 2237 2723 2323 facienda

538 2345 722 2412 sunt.
827 2338 960 2411 Ille
1013 2350 1261 2411 autem
1313 2362 1458 2410 non
1513 2335 1782 2408 surdus
1831 2335 2145 2430 auditor,
2197 2360 2369 2408 mox
2404 2338 2723 2434 complet

539 2436 815 2511 dictum
871 2435 1190 2512 iubentis
1243 2434 1545 2529 domini,
1602 2444 1679 2506 et
1726 2434 1950 2509 celeri
2002 2460 2219 2509 cursu
2274 2436 2367 2509 ad
2420 2437 2721 2536 Papiam

539 2536 742 2609 venit
792 2535 1181 2610 civitatem.
1297 2536 1450 2606 Rex
1503 2556 1823 2631 namque
1896 2534 2046 2608 illic
2108 2535 2477 2610 manebat.
2584 2536 2721 2610 Ubi

537 2647 790 2709 autem
841 2635 1046 2708 venit
1096 2634 1188 2706 ad
1223 2655 1508 2727 regem,
1560 2633 1838 2707 salutat
1869 2658 2040 2708 eum
2077 2633 2411 2709 dulcibus
2450 2634 2717 2709 verbis.

539 2734 1196 2843 condescendente
1249 2732 1318 2805 ei
1370 2754 1575 2827 rege,
1630 2734 1945 2827 gratiam
2002 2735 2397 2832 spopondit
2445 2734 2720 2807 habere

537 2831 1064 2927 largissimam,
1117 2830 1180 2904 si
1235 2830 1667 2927 obsequium
1720 2832 1915 2905 illius
1970 2833 2530 2929 frequentaret
2512 2858 2721 2908 mno-

538 2952 696 3005 cue.
827 2930 967 3017 Qui
1032 2942 1359 3004 moratus
1431 2930 1963 3026 aliquantulum
2028 2956 2195 3005 cum
2260 2956 2477 3026 rege,
2549 2942 2723 3028 post

535 3052 686 3101 uon
740 3030 1013 3102 multos
1065 3028 1224 3103 dies
1277 3029 1368 3102 ad
1424 3030 1799 3105 seniorem
1852 3054 2069 3101 suum
2122 3031 2531 3102 revertitur.
2600 3030 2721 3100 Vi-

535 3127 868 3224 densq-ue
939 3128 1219 3218 senior,
1292 3131 1488 3226 quod
1555 3127 1956 3223 prudenter
2020 3127 2332 3221 egisset,
2408 3126 2719 3201 vicinius

535 3226 630 3299 ad
697 3250 781 3301 se
851 3250 1023 3301 eum
1093 3229 1462 3323 clamans,
1540 3226 1803 3323 inquit:
1873 3226 2049 3301 Post
2078 3231 2395 3305 ‚mortem
2464 3228 2721 3322 quippe

533 3348 773 3397 meam
824 3328 1065 3399 senior
1113 3329 1328 3401 totius
1377 3334 1617 3402 terrae
1668 3327 1843 3419 eris,
1914 3349 2129 3421 quam
2199 3349 2555 3421 coquosco
2606 3350 2720 3401 me

526 3424 809 3519 pridem
876 3424 1254 3499 habuisse!
1342 3435 1419 3495 et
1479 3425 1751 3499 iterum
1820 3448 1993 3500 eum
2062 3450 2334 3499 ornans
2406 3423 2719 3500 diversis

531 3522 972 3621 monilibus,
1043 3522 1137 3597 ad
1188 3544 1446 3617 regem
1500 3524 1745 3600 mittit.
1853 3525 1995 3613 Qui
2040 3524 2355 3621 adquirit
2410 3526 2717 3602 comita-

533 3631 692 3731 tum
742 3578 980 3717 illius,
1048 3634 1124 3697 et
1189 3645 1319 3695 rex
1384 3618 1493 3693 illi
1547 3620 1776 3696 donat
1825 3622 2367 3700 interveniente
2420 3625 2713 3720 regina3

533 3729 608 3791 et
671 3717 832 3815 ipse
883 3742 1136 3794 comes
1183 3719 1482 3801 interim
1534 3732 1912 3835 moortuuS,
1967 3747 2275 3799 uxorem
2328 3723 2520 3795 illius
2571 3721 2711 3791 Ro-

534 3817 784 3912 gerius
819 3817 1122 3929 accepit,
1177 3831 1252 3891 et
1303 3821 1411 3896 sic
1445 3820 1702 3919 arripit
1734 3833 2186 3919 potestatem
2220 3822 2413 3899 illius
2450 3831 2713 3893 terrae.

532 3914 642 3985 De
695 3938 839 4011 qua
890 3915 1149 4009 genuit
1185 3916 1380 3991 filios
1424 3920 1637 4015 duos,
1692 3944 1963 3997 vocans
2002 3922 2126 3994 uni
2166 3938 2434 3995 nomen
2468 3940 2717 4011 suum,

533 4012 748 4124 alteri
797 4036 1069 4093 nomeu
1122 4014 1412 4111 fratriS,
1466 4016 1869 4112 Rogerium
1922 4030 1999 4091 et
2048 4014 2475 4091 Arduinum.
2580 4016 2717 4091 Hic

534 4109 732 4185 enim
799 4111 1348 4209 Maginfredum
1394 4117 1670 4211 genuit.
