3034 4900
568 371 670 444 86
1022 368 1566 444 CHRONlCON
1619 369 2317 443 NOVALICIENSE.

565 555 950 626 memoriae
997 551 1332 648 Pippinus
1388 551 1752 647 quondam
1800 575 1928 624 rex
1977 553 2327 648 integram
2378 556 2724 626 emunita-

569 661 706 726 tem
743 653 843 724 ad
869 654 1374 726 monasterium
1411 652 1773 726 Novalicis
1805 655 1879 723 in
1913 652 2093 724 valle
2128 652 2484 749 Siyosina,
2538 653 2731 752 quod

572 760 680 827 est
734 754 807 824 in
868 752 1135 825 honore
1205 752 1576 824 beatorum
1640 751 2124 847 apostolorum
2196 753 2384 826 Petri
2451 762 2521 826 et
2586 753 2729 826 An»

574 854 841 926 draeae
889 853 999 926 vel
1046 848 1437 925 ceterorum
1505 859 1919 924 sanctorum
1982 859 2497 948 constructum,
2564 877 2730 925 con-

572 957 904 1028 cesissent
919 1010 941 1047 ,
1012 960 1088 1025 ut
1161 952 1395 1025 nullus
1460 952 1672 1024 iudea:
1730 952 2049 1047 publicus
2114 954 2186 1025 in
2251 955 2461 1026 rebus
2522 961 2731 1049 atque

569 1052 1028 1140 facultatibus
1075 1052 1382 1126 eiusdem
1433 1053 1787 1146 ecclesiae,
1842 1051 1945 1124 ad
1990 1077 2258 1127 causas
2301 1053 2731 1127 audiendum

574 1155 681 1227 vel
726 1154 937 1240 freda
990 1152 1406 1249 exiyendum
1455 1177 1582 1226 nec
1630 1155 2035 1226 mansiones
2087 1159 2218 1224 aut
2255 1161 2569 1248 paratas
2615 1155 2731 1239 fa-

572 1253 890 1327 ciendum
943 1277 1161 1350 neque
1207 1247 1657 1342 fideiussores
1708 1253 1809 1326 ad
1854 1253 2169 1326 homines
2216 1257 2557 1351 inqenuos
2608 1259 2738 1325 aut

571 1357 943 1428 servientes
981 1353 1360 1426 tollendum
1404 1376 1532 1425 nec
1564 1353 1800 1425 nullas
1841 1353 2311 1427 redibutiones
2342 1377 2526 1450 quae
2558 1376 2731 1448 par-

572 1455 756 1526 tibus
823 1455 975 1542 fisci
1047 1452 1482 1524 debebantur
1548 1452 2039 1548 requirendum
2058 1509 2077 1546 ,
2169 1454 2337 1527 inibi
2404 1455 2735 1528 iudiciari

566 1560 890 1648 potestas
927 1551 1292 1647 inpredere
1330 1577 1609 1648 quoquo
1636 1560 1947 1647 tempore
1989 1575 2129 1624 non
2168 1553 2465 1628 deberet.
2541 1553 2733 1628 Unde

575 1659 646 1727 et
690 1657 890 1747 ipsas
939 1655 1353 1726 emunitates
1403 1654 1607 1726 nobis
1668 1656 1745 1724 in
1786 1655 2148 1748 praesenti
2199 1655 2578 1728 ostendidit
2621 1677 2730 1726 re-

574 1752 932 1849 leyendas,
977 1777 1112 1847 per
1155 1777 1338 1850 quas
1375 1756 1607 1848 ipsum
1650 1754 2053 1867 beneti5ium
2100 1778 2318 1850 usque
2351 1779 2536 1828 nunc
2564 1760 2733 1826 tem-

565 1879 745 1950 pore
795 1860 1288 1928 conservatum
1339 1877 1487 1928 esse
1539 1857 1993 1950 coqnovimus
2007 1881 2035 1945 ,-
2086 1855 2215 1927 sed
2252 1879 2389 1948 per
2434 1858 2731 1944 firmita-

575 1958 664 2026 tis
723 1955 1030 2027 studium
1089 1956 1290 2048 petiit
1345 1955 1737 2027 celsitudini
1799 1960 2126 2048 nostrae,
2207 1960 2294 2025 ut
2343 1955 2479 2027 hoc
2542 1957 2737 2044 circa

572 2058 730 2148 ipso
783 2052 1038 2125 abbate
1106 2055 1384 2147 eiusque
1447 2058 1619 2145 post
1674 2076 1830 2124 eum
1892 2052 2419 2124 succedentibus
2481 2059 2734 2140 confir-

571 2175 774 2224 mare
847 2151 1268 2224 deberemus.
1390 2152 1603 2225 Cuius
1664 2153 2074 2246 peticionem
2124 2150 2475 2224 noluimus
2526 2150 2733 2224 dene-

573 2275 786 2350 9are‚
852 2251 980 2326 sed
1027 2254 1132 2324 ita
1181 2254 1252 2324 in
1305 2252 1628 2325 omnibus
1668 2253 2111 2346 praestitisse
2162 2256 2231 2323 et
2276 2255 2733 2340 confirmasse

573 2354 992 2448 coynoscite.
1109 2352 1625 2445 Praecipientes
1694 2355 1872 2426 enim
1946 2357 2028 2422 ut
2070 2353 2252 2424 sicut
2298 2356 2582 2425 constat
2641 2351 2735 2423 ab

575 2452 1134 2528 antecessoribus
1222 2453 1502 2548 reqibus
1582 2452 1693 2525 vel
1778 2452 2020 2525 domni
2100 2454 2472 2548 yenitoris.
2510 2454 2738 2525 nostri

569 2556 792 2641 fuisse
841 2553 1219 2648 indultum,
1271 2556 1629 2647 inspectas
1672 2555 1871 2648 ipsas
1920 2554 2333 2625 emunitates
2382 2552 2473 2625 de
2518 2555 2737 2626 omni-

573 2656 706 2727 bus
757 2655 966 2727 rebus
1016 2661 1085 2727 et
1128 2654 1594 2741 facultatibus
1621 2655 1841 2748 ipsius
1882 2652 2217 2725 ecclesiae
2263 2655 2463 2740 infra
2512 2677 2737 2748 reyna

575 2756 728 2828 Deo
776 2758 1092 2849 propicio
1133 2760 1386 2827 nostra
1437 2754 1824 2847 franciae,
1877 2753 2155 2849 Italiae,
2206 2756 2279 2827 in
2328 2753 2742 2850 quibusiibet

569 2858 784 2949 payis
835 2862 905 2928 et
948 2856 1325 2927 territuriis
1371 2855 1503 2926 sub
1548 2856 1950 2927 emunitatis
1998 2856 2275 2925 nomine
2324 2878 2483 2925 cum
2518 2856 2737 2927 omni·

574 2956 704 3026 bus
766 2955 974 3026 rebus
1035 2956 1388 3027 concessis
1455 2954 1747 3026 valeant
1797 2954 2162 3047 possidere
2228 2960 2297 3025 et
2343 2954 2736 3049 dominare,

576 3060 646 3125 et
669 3054 865 3126 nulla
903 3056 1346 3149 requisitione
1375 3077 1503 3126 nec
1542 3053 1759 3125 ullum
1803 3052 2367 3147 impedimentum
2414 3077 2461 3125 a
2494 3053 2736 3127 iudici-

575 3154 706 3227 bus
749 3154 1045 3249 publicis
1095 3160 1247 3225 tam
1297 3159 1543 3226 nostro
1594 3159 1908 3246 tempore
1970 3176 2186 3248 quam
2256 3159 2327 3226 et
2368 3154 2737 3227 succeden-

574 3258 746 3329 tium
797 3278 1042 3350 reyum
1093 3253 1340 3327 eoeinde
1388 3254 1649 3327 habere
1704 3277 1848 3325 non
1895 3256 2392 3348 pertimescunt
2404 3312 2425 3349 7
2492 3256 2621 3329 sed
2663 3261 2745 3328 ut

575 3356 914 3450 diximus,
967 3355 1096 3427 sub
1149 3357 1430 3451 inteyra
1481 3358 1859 3427 emunitate
1912 3354 2174 3452 absque
2223 3357 2515 3428 introitu
2562 3355 2741 3429 iudi·-

573 3460 756 3529 cium
809 3459 880 3528 in
928 3456 1062 3527 Dei
1110 3478 1365 3527 nomen
1415 3455 1799 3528 resedeant.
1900 3454 1998 3527 Et
2043 3462 2120 3528 ut
2166 3455 2293 3528 hec
2346 3458 2741 3530 auctoritas

573 3560 847 3645 firmior
912 3555 1265 3628 habeatur
1332 3555 1440 3628 vel
1505 3554 1853 3629 diuturnis
1905 3557 2333 3650 temporibus
2384 3580 2745 3629 conserve-

575 3662 730 3751 tur,
784 3680 1002 3728 manu
1047 3659 1350 3752 propria
1399 3656 1642 3729 subter
1688 3678 1849 3727 eam
1901 3654 2335 3729 decrevimus
2392 3658 2741 3730 roborare

533 3766 668 3828 ”ac
718 3756 805 3827 de
861 3756 1076 3827 anulo
1125 3764 1372 3829 nostro
1433 3758 1762 3828 iussimus
1814 3754 2147 3851 siqillare.
2252 3756 2547 3852 Siynum
2592 3752 2740 3825 Ka-

577 3856 716 3929 roli
779 3854 1272 3950 yloriosissimi
1334 3858 1539 3951 reyis.
1694 3855 2103 3951 Wiybaldus
2177 3858 2281 3930 ad
2342 3859 2562 3929 vicem
2628 3877 2741 3924 re-

575 3957 892 4051 coynovi.
1019 3955 1117 4027 Et
1159 3955 1364 4051 *data
1439 3956 1709 4029 decimo
1784 3956 2152 4030 Kalendas
2228 3956 2473 4028 lunias
2551 3978 2743 4029 anno

590 4062 752 4133 llmo
806 4062 877 4129 et
925 4058 1042 4129 5⁸⁰.

729 4153 794 4230 2.
876 4158 1082 4230 Anno
1164 4157 1252 4229 ab
1332 4157 1835 4231 incarnatione
1914 4156 2186 4227 domiui
2268 4159 2497 4231 nostri
2576 4159 2742 4232 lesu
