3034 4900
975 369 1251 444 LIBER
1305 371 1741 462 QUINTUS.
2372 375 2469 449 79

283 554 514 626 nostri
563 575 650 624 ecc
693 559 925 646 parte.
1031 553 1226 626 Scito
1278 576 1390 626 me
1441 577 1594 626 esse
1648 553 2109 625 Benedictum
2164 561 2471 648 patrem,

283 651 626 748 hodieque
675 652 1020 726 lustrasse
1084 658 1342 725 cuncta
1397 653 1741 725 coenobia
1756 679 1785 743 ,-
1860 655 1935 724 in
1985 652 2178 724 nullo
2228 661 2471 726 tamen

282 753 388 824 sic
435 752 810 824 obsecutus
858 776 1018 824 sum
1067 759 1148 824 ut
1195 755 1268 825 in
1317 755 1475 824 isto.
1580 753 1689 824 Ita
1742 751 2119 848 inquiens,
2172 763 2247 824 et
2299 777 2469 826 eva-

283 851 440 924 nuit
490 851 581 923 ab
635 854 868 925 oculis
922 852 1102 925 eius.
1225 852 1490 948 Liquet
1560 853 1703 923 hoc
1766 877 1808 922 a
1862 851 2239 925 catholicis
2294 852 2469 926 viris

285 952 922 1041 demonstratum3
977 963 1052 1024 et
1103 951 1282 1021 nulli
1337 952 1432 1023 sit
1484 950 1939 1046 ambiguum,
1994 951 2166 1048 quin
2204 949 2277 1022 in
2317 952 2470 1024 suis

282 1050 808 1123 festivitatibus
863 1061 936 1122 et
988 1049 1061 1120 in
1133 1048 1292 1121 aliis
1348 1048 1607 1120 diebus
1662 1051 1893 1123 sancti
1946 1075 2119 1122 suas
2172 1050 2471 1124 visitent

284 1147 529 1220 aedes
649 1149 966 1222 Sanctus
1025 1147 1296 1246 quippe
1350 1148 1756 1242 Gregorius
1810 1149 1882 1220 in
1936 1149 2125 1220 libro
2192 1150 2470 1264 dialogi

286 1247 570 1320 scribit.
645 1247 980 1336 Quadam
1046 1253 1252 1319 nocte
1317 1249 1506 1319 venit
1549 1253 1845 1320 sanctus
1895 1247 2145 1322 Petrus
2201 1250 2276 1320 in
2342 1249 2471 1320 ab·

284 1345 523 1417 sidam
574 1349 856 1418 nomine
903 1369 1034 1418 suo
1088 1353 1616 1436 constructam5
1688 1346 2042 1441 quendam
2107 1347 2472 1420 custodem

288 1445 674 1541 alloquitur
739 1433 858 1540 „0‘
906 1445 1314 1540 conliberte,
1369 1470 1499 1518 cur
1549 1452 1703 1517 tam
1756 1448 1953 1518 ocius
2004 1449 2407 1519 surrexisti
2390 1448 2473 1502 96<

285 1545 644 1632 reficiebat
702 1569 1012 1641 namque
1077 1545 1489 1638 lampadas.
1615 1545 1747 1634 Qui
1814 1546 2156 1640 extemplo
2221 1547 2471 1618 solutis

285 1645 610 1716 omnibus
686 1646 1058 1736 membris,
1159 1643 1262 1716 ad
1350 1649 1661 1716 stratum
1742 1645 2117 1717 devehitur.
2271 1648 2471 1719 Haec

283 1744 768 1838 quamobrem
831 1743 1202 1838 evenerit,
1267 1743 1456 1814 scire
1507 1743 1669 1839 quis
1723 1745 1954 1840 cupit,
2031 1747 2471 1840 propensius

283 1841 665 1938 repperire
733 1842 1094 1938 potuerit,
1164 1841 1226 1912 si
1292 1842 1502 1914 illurn
1557 1841 1829 1912 librum
1882 1842 2172 1935 legerit.

436 1941 554 2016 33.
631 1941 978 2014 Referam
1031 1952 1318 2034 autem,
1388 1939 1561 2037 quid
1617 1941 1923 2035 contigit
1991 1941 2219 2013 Leoni
2289 1939 2467 2012 Ver-

286 2039 628 2114 cellensis
692 2042 1062 2138 episcop0.
1194 2041 1406 2128 Quod
1472 2041 1797 2139 quodam
1852 2052 2225 2138 tempore,
2289 2038 2471 2112 dum

285 2163 643 2236 usurpare
687 2142 910 2213 vellet
963 2143 1151 2212 hanc
1203 2139 1575 2213 abbatiam
1612 2141 1835 2213 simul
1880 2164 2046 2212 cum
2091 2137 2467 2236 episcopio

284 2249 582 2312 sanctae
683 2239 957 2312 Mariae
1042 2239 1559 2336 Eporediensis
1652 2238 2046 2331 ecclesiae,
2150 2238 2470 2349 quadam

283 2348 500 2410 nocte
567 2337 769 2410 venit
822 2336 1249 2409 beatissima
1317 2361 1402 2408 ac
1468 2336 2005 2432 gloiiosissima
2073 2335 2209 2408 Dei
2262 2336 2469 2430 geni-

282 2437 464 2527 trix,
542 2437 746 2532 quasi
815 2435 1234 2535 consparsis
1301 2435 1623 2509 crinibus
1688 2447 1761 2509 et
1814 2435 2192 2509 dissolutis
2247 2446 2466 2532 atque

283 2535 698 2608 lacrimosis
751 2536 1026 2631 oculis,
1104 2538 1381 2609 ducens
1451 2560 1707 2609 secum
1777 2535 2285 2609 beatissimum
2340 2560 2468 2632 pa-

281 2647 576 2709 tronum
645 2647 979 2707 nostrum
1035 2636 1354 2708 Petrum.
1470 2636 1642 2732 Ipsa
1697 2657 1872 2706 vero
1926 2633 2332 2732 precedens
2388 2646 2468 2709 ut

284 2734 606 2828 domina,
659 2736 860 2808 venit
904 2734 994 2805 ad
1043 2736 1314 2806 lectum
1353 2734 1663 2832 predicti
1697 2733 2059 2832 episcopi3
2115 2733 2467 2829 adquem

283 2857 451 2906 cum
502 2833 834 2906 venisset
885 2834 1023 2905 ait:
1075 2833 1406 2927 Dormis,
1461 2834 1828 2929 episcope?
1896 2834 2005 2906 Ad
2067 2858 2287 2930 quam
2339 2832 2467 2907 ille

279 2932 594 3031 pavidus
647 2933 1064 3030 respondit:
1125 2932 1294 3020 Quis
1327 2933 1454 3005 es?
1503 2944 1577 3007 et
1631 2934 1787 3005 illa:
1842 2932 2017 3005 Sum
2049 2932 2295 3006 Maria
2344 2956 2465 3027 ye-

279 3034 496 3105 nitrix
557 3031 691 3105 Dei
755 3057 846 3104 ac
912 3032 1320 3105 Salvatoris
1387 3032 1684 3105 humani
1746 3035 2039 3128 yeneris.
2110 3034 2241 3107 Cui
2299 3032 2465 3105 ille:

285 3130 469 3219 Quid
519 3132 620 3203 ad
668 3156 779 3204 me
830 3134 1098 3225 venisti,
1143 3133 1487 3225 preclara
1539 3133 1885 3205 domina?
1933 3144 2009 3205 et
2038 3131 2197 3204 illa:
2254 3132 2465 3223 Cave,

280 3250 368 3300 ne
415 3229 611 3300 ultra
649 3231 1020 3303 ecclesiam
1055 3255 1292 3303 meam
1332 3230 1933 3324 Epporediensem
1984 3236 2197 3323 atque
2248 3229 2463 3299 eccle-

278 3329 467 3400 siam
516 3328 1037 3402 Bremetensem
1089 3332 1322 3402 sancti
1345 3329 1541 3401 Petri
1584 3328 2079 3423 apostolorum
2126 3328 2469 3421 principis

280 3449 572 3521 querere
627 3427 940 3520 audeas,
1005 3430 1068 3499 si
1129 3434 1429 3499 mortem
1471 3430 1865 3522 pessimam
1914 3449 2062 3498 non
2112 3428 2219 3497 vis
2268 3428 2469 3501 ocius

277 3526 662 3597 incurrere.
761 3524 875 3597 Ad
922 3525 1056 3598 boc
1108 3529 1292 3599 enim
1341 3530 1696 3622 venimus,
1746 3550 1835 3599 ne
1884 3525 2027 3599 tale
2078 3525 2309 3599 scelus
2345 3530 2465 3614 fie-

279 3630 394 3697 ret
432 3647 566 3718 per
613 3631 696 3696 te.
821 3626 1133 3713 Quicum
1198 3626 1372 3701 talia
1439 3626 1782 3721 dixisset,
1848 3625 2181 3699 recessit.
2292 3626 2463 3723 lpse

275 3748 458 3797 vero
528 3748 676 3796 non
731 3726 974 3797 solum
1041 3728 1370 3822 prefatas
1423 3727 1795 3823 queritare
1850 3726 2164 3798 cessavit
2229 3730 2461 3799 ecele-

277 3824 465 3919 sias,
520 3824 652 3897 sed
709 3823 936 3895 etiam
985 3825 1203 3921 plena
1256 3848 1438 3896 voce
1491 3826 1682 3897 hanc
1731 3824 2091 3899 visionem
2146 3825 2285 3899 sibi
2337 3850 2462 3925 ap-

276 3922 614 4019 paruisse
665 3922 1058 4034 sepissime
1109 3926 1496 3997 confessus
1551 3936 1681 3998 est.

424 4020 702 4096 34.1n
754 4020 903 4095 illis
953 4021 1256 4118 diebus,
1310 4023 1488 4095 dum
1542 4026 1742 4098 Gezo
1796 4024 2025 4099 abbas
2078 4024 2463 4139 adveniret

271 4116 348 4189 in
402 4118 668 4192 Albam
718 4120 1119 4218 civitatem,
1175 4120 1472 4218 quidam
1528 4124 1919 4222 episcopus
1962 4124 2260 4199 nomine
2295 4128 2460 4199 Ful·
