3034 4900
565 390 612 462 2
999 385 1555 461 CHRONICON
1608 383 2330 462 NOVALICIENSE.

567 567 922 670 pugnavit
983 569 1180 668 apud
1229 569 1599 642 Veronam
1648 579 1907 642 contra
1958 567 2417 681 Odoacrem,
2492 579 2567 642 et
2617 567 2753 642 Ra-

569 693 853 744 vennae
901 692 1072 742 eum
1117 667 1408 765 occidit,
1461 679 1535 741 et
1568 691 1699 740 rex
1751 670 2010 742 factus.
2112 669 2207 741 Et
2256 667 2507 766 quinto
2563 693 2751 742 anno

567 771 780 867 regni
835 770 948 844 sui
978 767 1186 842 Abho
1241 767 1646 842 construxit
1694 768 2227 841 monasterium
2274 768 2654 842 Novalici.

571 870 960 946 Godonem
1013 868 1359 942 abbatem
1411 865 2030 960 constituit...]

723 971 822 1066 [7.
889 970 1156 1042 Narrat
1233 968 1869 1040 sanctimonialem
1956 966 2323 1080 quandam
2404 991 2446 1040 e
2520 967 2755 1040 Gallia

569 1070 884 1144 Romam
935 1071 1390 1167 profectam,
1431 1079 1627 1180 post
1678 1069 1951 1140 multas
2006 1066 2379 1140 orationes
2448 1077 2524 1139 et
2574 1067 2753 1138 ieiu-

569 1169 689 1242 nia
751 1171 825 1242 in
890 1170 1169 1268 templo
1225 1159 1651 1242 sanctorum
1704 1167 1899 1240 Petri
1954 1179 2027 1240 et
2081 1167 2283 1239 Pauli
2337 1167 2567 1240 factas
2617 1167 2755 1236 im-

567 1281 906 1368 petrasse
979 1268 1368 1363 divinitus,
1445 1277 1526 1340 ut
1587 1291 1819 1346 unum
1875 1291 1993 1338 ex
2020 1264 2267 1362 dignis
2318 1264 2510 1340 beati
2557 1266 2755 1338 Petri

569 1369 882 1467 apostoli
935 1368 1266 1462 ossibus,
1335 1364 1846 1461 ignorantibus
1900 1365 2433 1462 cardinalibus,
2511 1365 2585 1437 id
2646 1375 2757 1437 est

569 1466 1035 1560 custodibuS,
1107 1489 1276 1539 cum
1342 1465 1575 1539 multo
1643 1465 1907 1538 timore
1982 1465 2383 1563 acciperet,
2462 1489 2547 1537 ac
2616 1462 2754 1536 sibi

568 1566 704 1641 sub
771 1567 1108 1666 maxilla,
1181 1565 1429 1638 nescio
1486 1565 1839 1662 qualiter,
1908 1563 2429 1660 absconderet,
2496 1565 2755 1662 depre-

569 1688 783 1740 cans
799 1664 1065 1739 obnixe
1095 1665 1519 1762 Dominum,
1572 1675 1655 1738 ut
1704 1665 1811 1738 illi
1854 1661 2157 1737 daretur
2172 1666 2419 1806 copia
2470 1662 2755 1738 ferendi

569 1765 788 1842 tanti
805 1765 1100 1865 patroni
1141 1720 1625 1860 membruin]

589 1882 598 1897 ·
717 1864 820 1962 [8.
875 1866 1056 1939 Inde
1107 1889 1288 1940 vero
1341 1866 1809 1963 digrediens,
1876 1883 2045 1938 cum
2110 1865 2384 1938 vallem
2453 1863 2752 1960 Segusi-

573 1979 750 2040 n'am
802 1966 1232 2060 invenisset,
1285 1965 1410 2036 ubi
1450 1966 1671 2038 hodie
1719 1965 2159 2060 Novaelucis
2196 1964 2483 2057 dicitur,
2538 1975 2755 2036 nocte

571 2053 711 2138 stssi
764 2063 1416 2178 superimminente
1471 2063 1778 2161 quievit,
1830 2076 1909 2138 et
1958 2065 2050 2140 ob
2104 2063 2409 2136 nimiam
2462 2063 2757 2136 lassitu-

573 2146 851 2236 dinem
891 2163 1282 2262 aliquantis
1347 2163 1608 2240 diebus
1676 2160 2008 2264 morata,
2080 2164 2239 2239 sub
2265 2161 2597 2297 quodam
2638 2163 2755 2232 tu-

570 2260 862 2400 guriolb
914 2264 1134 2339 tacita
1183 2263 1561 2338 residebat
1610 2261 1843 2360 sola]
2068 2323 2074 2332 .
2500 2291 2509 2300 ·
2748 2293 2755 2303 ·

697 2361 836 2463 ’-.’[9
877 2367 1062 2440 Cum
1115 2377 1362 2437 autem
1417 2364 1693 2434 senior-
1718 2366 2017 2461 quidam
2070 2365 2163 2436 de
2216 2307 2547 2460 partibus
2582 2358 2755 2434 Gal-

569 2464 838 2537 liffirum
902 2466 1214 2537 Romam
1283 2462 1815 2551 contenderet
1810 2484 2050 2535 oum
2046 2464 2333 2534 multa
2367 2482 2757 2535 servolum

568 2564 828 2663 turbat,
877 2564 1174 2653 amisso
1227 2562 1490 2639 itinere
1531 2560 1617 2634 in
1666 2561 1784 2635 his
1835 2560 2207 2660 partibus,
2260 2559 2475 2633 iussit
2523 2581 2755 2633 unum

571 2665 664 2739 ex
713 2665 828 2741 iis'
850 2666 956 2739 in
991 2667 1221 2738 altam
1273 2664 1613 2736 arborem
1664 2662 2124 2759 ascendere,
2193 2670 2275 2733 ut
2339 2661 2757 2772 exploraret

569 2764 812 2836 vicina
877 2767 1068 2837 loca.
1167 2756 1310 2877 Qui
1374 2764 1535 2836 viso
1605 2764 1851 2859 fumo,
1924 2787 2013 2835 eo
2082 2757 2407 2860 perrexit
2472 2771 2547 2833 et
2594 2780 2754 2832 mo-

569 2862 841 2949 niale'm
909 2858 1116 2935 illam
1182 2862 1260 2935 in
1325 2861 1621 2957 tugurio
1686 2862 1984 2935 invenit.
2103 2861 2220 2935 Ad
2290 2883 2515 2958 quam
2572 2884 2753 2933 cum

567 2943 952 3035 dominum
998 2986 1219 3037 suum
1271 2962 1734 3059 adduxisset,
1798 2962 2071 3059 illaque
2118 2960 2584 3035 venerandas
2637 2982 2753 3032 re-

567 3046 830 3160 liquias
879 3062 1377 3161 exhibuisset,
1451 3062 1757 3135 dicenti
1774 3061 2110 3160 seniore,
2178 3085 2328 3134 non
2380 3059 2579 3133 satis
2614 3057 2755 3133 sibi

573 3162 666 3235 de
731 3162 1028 3234 illarum
1079 3162 1391 3237 veritate
1446 3173 1823 3263 constare,-
1876 3162 2093 3236 iussit
2144 3161 2287 3234 illa
2342 3142 2527 3233 duos
2593 3184 2755 3255 scy-

567 3264 758 3361 phos
797 3260 1096 3356 afferri,
1151 3262 1466 3334 alterum
1517 3286 1726 3336 mero
1781 3264 2127 3361 plenum,
2165 3262 2517 3335 alter-um
2522 3280 2751 3375 aqua,

569 3372 664 3435 et
687 3362 890 3434 hunc
943 3360 1240 3476 quidem
1289 3360 1627 3447 contactu
1674 3364 2167 3464 reliquiarum
2220 3360 2461 3437 subito
2518 3360 2592 3433 in
2642 3360 2752 3433 vi-

566 3486 752 3535 num·
769 3461 1144 3537 convertit
1193 3510 1492 3535 .....
1549 3462 1877 3537 Tradunt
1906 3476 2156 3538 autem
2191 3462 2513 3563 quidam,
2554 3459 2751 3557 quod

564 3561 726 3661 ipse
776 3564 1028 3639 senior
1077 3562 1328 3637 fuerit
1348 3560 1695 3637 dominus
1734 3562 1947 3635 Abho
1968 3564 2483 3637 Romanorum
2525 3559 2751 3659 patri-

567 3664 760 3757 cius,
833 3664 988 3759 qui
1007 3663 1150 3738 fuit
1197 3661 1607 3740 Novalitiae
1659 3661 2083 3757 fundator]

698 3764 864 3858 [10.
941 3762 1418 3835 Destructum
1495 3762 1763 3836 deinde
1834 3762 2311 3858 coenobium,
2394 3760 2633 3857 primo
2686 3782 2747 3831 a

565 3861 876 3936 ducibus
909 3862 1570 3958 Langobardorum
1597 3864 1927 3963 Am·one,
1968 3864 2219 3937 Zaban
2255 3874 2347 3933 et
2399 3858 2745 3951 Rodano3

563 3962 942 4037 secundo
969 3962 1260 4077 quando
1329 3962 1700 4075 quendam
1766 3965 2208 4039 monachum
2276 3958 2749 4054 religiosissi-

559 4062 1571 4161 mumnomineArnnlphum
1588 4061 2161 4156 interfecerunt3
2188 4060 2419 4132 tercio
2449 4057 2745 4155 quando

556 4164 954 4242 monachi
937 4163 1182 4265 ipsius
1212 4163 1354 4238 loci
1405 4163 1498 4241 ad
1550 4159 2084 4239 Tatii-iriensem
2133 4159 2395 4235 unbem
2460 4158 2745 4233 inhabi-

3002 1749 3004 1760 ..
3002 1733 3004 1738 .
2990 1343 3005 1714 ῦ-ῡε-ε--ἐ-
2993 1225 3005 1318 ιᾼ
3003 1139 3004 1144 Α
2988 205 3005 1122 ‘abb—40*
2999 125 3005 164 *M
3003 0 3004 26 ᾼᾼ
