3034 4900
553 371 652 448 26
1003 368 1557 446 CHRONICON
1610 370 2177 448 NOVALICIEN
2184 373 2318 448 SE.

546 553 816 626 volente
853 554 1007 627 Deo
1057 555 1491 649 intercepere
1542 555 1773 628 solum
1786 583 1819 648 ,-
1867 579 1955 628 ecc
2006 556 2169 630 aliis
2218 579 2529 652 namque
2576 558 2727 644 for·
2792 581 2794 583 ’

546 653 740 729 mido
783 653 1004 727 nulla.
1013 653 1059 694 ‘⁶

642 751 770 828 Ast
834 754 984 826 ubi
1014 752 1450 828 Waltharius
1514 753 1648 826 tali
1694 755 2003 828 statione
2053 759 2421 851 receptum

645 847 1026 950 Conspexit
1067 850 1427 951 HaqanO,
1479 861 1832 949 satrapae
1880 878 2051 927 mox
2098 857 2242 928 ista
2290 855 2597 950 superbo

640 954 977 1054 Suqqerit
1021 955 1283 1028 verbta
1332 956 1450 1052 „O
1497 957 1773 1049 senior,
1826 953 2091 1028 desiste
2142 955 2492 1030 lacessere
2545 955 2723 1028 bello

637 1055 850 1129 Hunc
912 1055 1308 1130 hominem!
1376 1056 1699 1152 Perqant
1751 1055 2061 1149 primum
2128 1058 2246 1152 qui
2302 1062 2563 1130 cuncta
2596 1079 2721 1128 ··re

1682 1157 1950 1250 'uirant,

634 1254 734 1328 Et
776 1279 1002 1352 qenus
1053 1261 1124 1328 et
1161 1257 1487 1349 patriam
1532 1178 1950 1349 nogienque
1974 1259 2046 1326 et
2090 1253 2337 1327 locum
2376 1254 2717 1351 relictum,

644 1354 761 1427 Vel
805 1359 870 1428 si
915 1358 1106 1442 forte
1148 1357 1358 1448 petat
1398 1379 1659 1450 pacem
1700 1354 2007 1451 prebens
2056 1356 2209 1426 sine
2256 1357 2625 1450 sanquine.
2632 1355 2679 1394 ‘⁶

537 1453 670 1543 Qui
727 1453 886 1528 licet
943 1456 1204 1528 invitus
1265 1455 1460 1528 dicta
1512 1451 1912 1551 Haqanoni
1964 1456 2458 1551 acquievisset,
2530 1456 2719 1528 misit

528 1553 689 1626 ilico
741 1579 780 1627 e
830 1557 1018 1650 suis,
1077 1555 1451 1630 mandans
1513 1555 1939 1650 Walthario,
1998 1561 2083 1627 ut
2129 1553 2463 1627 redderet
2500 1579 2713 1650 pecu-

527 1655 730 1726 niam
795 1679 1014 1752 quam
1083 1654 1469 1740 deferebat.
1603 1655 1716 1729 Ad
1776 1679 1954 1753 quos
2025 1655 2117 1728 W
2109 1654 2464 1728 altharius
2530 1654 2713 1727 talia

522 1755 756 1840 fertur
806 1755 1084 1828 dedisse
1131 1756 1351 1828 verba
1373 1780 1398 1828 .·
1474 1756 1683 1853 „qu
1745 1757 1947 1852 patri
1994 1778 2126 1829 suo
2178 1779 2340 1828 eam
2392 1764 2537 1828 ηόη
2584 1754 2713 1826 tuli

525 1877 748 1950 neque
791 1856 950 1940 sibi.
1057 1855 1184 1928 Set
1228 1858 1292 1928 si
1341 1856 1643 1930 voluerit
1702 1881 1863 1930 eam
1914 1881 2202 1951 capere,
2271 1858 2341 1928 vi
2402 1854 2715 1941 defendo.

525 1977 688 2026 eam
737 1956 1048 2041 fundens
1101 1955 1394 2028 alterius
1445 1957 1939 2052 sanquinem.“
2040 1957 2349 2049 Cumque
2410 1955 2539 2026 hec
2586 1955 2705 2026 de-

519 2057 864 2128 nunciata
899 2061 1150 2128 *essent
1198 2054 1609 2127 Cundhario
1626 2077 1655 2148 ,·
1713 2057 2045 2148 protinus
2095 2055 2321 2147 misit,
2376 2055 2496 2148 qui
2544 2076 2705 2124 eum

519 2162 1034 2250 oppuqnarent.
1113 2159 1138 2220 .’
1163 2153 1278 2226 Vir
1329 2161 1571 2228 autem
1608 2153 1733 2227 ille
1780 2155 1993 2242 fortis
2040 2159 2124 2225 ut
2168 2159 2362 2246 erat,
2412 2153 2706 2225 viriliter

518 2278 594 2327 se
648 2256 740 2327 ab
790 2257 965 2351 ipsis
1009 2255 1369 2328 modicum
1423 2254 1827 2352 defendens,
1879 2255 2038 2326 ilico
2088 2255 2451 2340 interfecit.
2552 2253 2705 2326 Rex

518 2360 757 2428 autem
819 2363 904 2429 ut.
961 2356 1140 2428 vidit
1146 2389 1196 2451 ,·
1235 2361 1308 2427 et
1368 2357 1519 2451 ipse
1577 2359 1909 2450 protinus
1968 2356 2196 2441 feroci
2248 2355 2491 2427 animo
2540 2377 2703 2427 cum

515 2456 800 2551 reliquis
869 2480 1085 2551 super
1166 2478 1326 2528 eum
1398 2458 1601 2529 venit.
1741 2454 2193 2530 Waltharius·
2252 2478 2421 2527 vero
2491 2454 2704 2528 nichil

512 2555 944 2653 formidans,
995 2555 1126 2630 sed
1161 2556 1398 2653 maqis
1447 2562 1531 2628 ut
1574 2579 1803 2650 supra
1852 2554 2143 2627 viriliter
2175 2553 2500 2626 instabat
2529 2578 2697 2647 pre-

511 2656 626 2729 lio.
731 2658 928 2752 Cepit
988 2664 1226 2729 autem
1295 2664 1366 2729 et
1429 2680 1516 2729 ea·
1578 2656 1715 2729 illis
1794 2654 2229 2729 Waltharius
2296 2656 2693 2749 victoriam,

512 2758 765 2829 occisis
799 2761 1069 2829 cunctis
1096 2763 1336 2849 preter
1367 2780 1607 2852 reqem
1648 2764 1717 2829 et
1744 2757 2244 2852 Haqanonem.
2352 2754 2484 2843 Qui
2533 2776 2693 2827 cum

510 2878 672 2928 eum
735 2856 1140 2930 nullatenus
1203 2878 1553 2950 superare
1611 2863 1940 2950 possent,
2008 2854 2525 2937 simulaverunt
2578 2856 2693 2941 fu-

506 2980 702 3052 qam.
809 2954 1132 3049 Sperans
1181 2979 1353 3052 erqo
1418 2955 1508 3028 W
1501 2954 1856 3027 altharius
1923 2978 2046 3027 eos
2094 2953 2257 3025 inde
2308 2953 2687 3047 discedere,

507 3079 833 3129 reversus
859 3058 933 3127 in
973 3058 1281 3129 statione
1323 3061 1756 3151 acceptaque
1801 3056 1995 3127 omni
2034 3052 2487 3147 suppellectili
2524 3075 2689 3149 sua,

506 3162 578 3229 et
621 3158 772 3250 ipse
821 3180 992 3229 mox
1041 3178 1201 3229 cum
1252 3154 1654 3251 Ildequnda
1714 3156 2031 3227 ascensis
2082 3154 2295 3249 equis
2327 3156 2511 3248 cepit
2555 3154 2690 3226 iter

507 3280 741 3374 aqere.
848 3257 1155 3354 Cumque
1220 3255 1655 3330 Waltharius
1717 3278 2042 3351 eqressus
2094 3258 2278 3327 esset
2326 3254 2420 3326 ab
2471 3260 2685 3327 antro

501 3360 804 3455 quinque
874 3358 985 3431 vel
1056 3364 1218 3431 octo
1287 3356 1573 3451 stadia,
1645 3362 1812 3429 tunc
1880 3355 1997 3427 leti
2052 3361 2398 3450 posterqa
2465 3356 2687 3471 ipsius

501 3464 947 3533 recurrentes
1010 3460 1389 3531 memorati
1463 3458 1634 3551 viri,
1704 3458 1914 3551 quasi
1980 3458 2238 3528 victum
2308 3479 2466 3527 eum
2532 3457 2685 3529 iam

503 3564 710 3631 eoetra
760 3584 936 3653 rupe
987 3559 1422 3656 coqitabant.
1528 3558 1800 3629 Contra
1828 3578 2010 3653 quos
2040 3556 2200 3629 ilico
2248 3554 2683 3629 Waltharius

500 3660 712 3753 quasi
761 3658 872 3730 leo
920 3662 1330 3756 insurqens,
1409 3660 1636 3731 armis
1678 3662 2047 3752 protectus
2106 3656 2389 3742 fortiter
2452 3652 2688 3729 debel-

495 3757 707 3831 labat
767 3756 1188 3831 bellantibus
1251 3717 1405 3831 sibi.
1527 3759 1659 3849 Qui
1725 3757 1847 3830 diu
1906 3756 2339 3852 multumque
2386 3755 2677 3825 invicem

488 3864 898 3953 puynantes
967 3880 1059 3929 ac
1120 3880 1250 3951 pre
1300 3860 1523 3930 nimia
1582 3857 2001 3931 lassitudine
2064 3863 2133 3929 et
2190 3858 2307 3928 siti
2356 3852 2675 3939 deficien-

495 3964 624 4052 tes,
677 3961 826 4031 iam
877 3981 1026 4031 non
1064 3956 1408 4030 valebant
1435 3959 1751 4030 virorum
1801 3959 2265 4045 fortissimum
2306 3966 2671 4045 superare.

494 4058 588 4131 Et
665 4082 824 4131 ecce
904 4059 1350 4175 respicientes
1428 4056 1757 4131 viderunt
1826 4082 1876 4134 a
1948 4076 2212 4151 saqma
2299 4050 2677 4126 Waltharii

493 4159 864 4235 vasculum
913 4160 1055 4233 vini
1103 4157 1516 4252 dependere.
