3034 4900
517 279 566 374 β
935 273 1484 356 CHRONlcoN
1516 305 1525 314 ·
1554 277 2265 357 NOVALICIENSE.

519 458 910 558 aliquantis
977 460 1192 536 senis
1261 459 1676 536 senimibus
1726 459 1845 536 ad
1906 433 2387 536 aecclesiam
2412 459 2715 537 Domini

521 559 952 640 Salvatoris.
1065 562 1402 638 Aliorum
1463 574 1713 639 autem
1780 571 2079 638 caterva
2147 583 2458 655 senum,
2536 588 2713 660 quo-

522 683 692 732 rum
758 657 1150 735 multitudo
1220 662 1296 736 in
1362 686 1593 736 unum
1660 661 1995 736 habitare
2058 684 2209 734 non
2275 659 2565 759 quibat,
2638 663 2713 736 in

503 759 837 838 ‚diversis
907 762 1194 836 cellulis
1263 763 1338 835 in
1392 761 1699 838 circuitu
1752 759 2149 837 manebant
2202 761 2711 860 ecclesiarum,

524 858 618 932 de
658 859 936 973 quibus
987 863 1404 960 tugurioliS,
1457 863 1633 938 nisi
1651 883 1820 936 cum
1872 861 2097 937 nimia
2148 859 2541 936 infirmitas
2587 862 2713 935 ob-

523 958 878 1058 stitisset,
933 963 1316 1062 oportunis
1365 963 1577 1040 horis
1628 962 1721 1036 ad
1768 961 2187 1072 ¹capitulum
2232 973 2309 1035 et
2360 961 2453 1033 ad
2505 987 2711 1036 men-

525 1083 686 1133 sam
738 1064 1016 1160 pariter
1069 1063 1567 1139 occurrebant.
1644 1061 1886 1138 Turba
1938 1085 2116 1134 vero
2170 1058 2518 1135 iuvenum
2564 1065 2711 1136 fra-

522 1170 725 1236 trum
774 1164 1230 1261 regularium
1281 1163 1523 1238 omnis
1576 1169 1870 1240 summa
1917 1185 2086 1236 cum
2142 1151 2475 1236 custodia
2518 1162 2711 1236 infra

526 1262 847 1339 claustra
883 1265 1142 1341 inclusi
1182 1263 1689 1339 retinebantur
1729 1260 2207 1337 monasterii.-
2254 1262 2431 1337 Erat
2464 1275 2711 1338 autem

523 1361 740 1435 vallis
809 1363 970 1462 ipsa
1037 1364 1254 1438 valde
1325 1364 1633 1459 deeora,
1712 1361 2133 1442 hominibus
2200 1363 2539 1475 copiosa,
2636 1375 2711 1438 et

521 1461 972 1558 perlustrata
1023 1464 1444 1561 aecclesiis,
1511 1462 1813 1563 capellis
1878 1463 2031 1536 Deo
2099 1461 2171 1534 in
2226 1460 2708 1562 orationibuS,

526 1559 654 1632 ubi
713 1573 962 1639 tantus
1036 1566 1566 1638 monachorum
1640 1563 1895 1642 orabat
1946 1563 2349 1660 exercitus;
2420 1563 2493 1636 in
2568 1587 2710 1662 qua

524 1661 880 1735 nonnulle
933 1677 1144 1738 erant
1195 1665 1639 1762 aecclesiae,
1691 1663 1766 1738 in
1819 1663 2081 1760 quibus
2134 1663 2350 1738 divisi
2402 1663 2710 1763 predicti

527 1762 932 1838 manebant
995 1766 1336 1842 monachi
1409 1765 1569 1840 seni
1632 1766 1754 1838 vel
1822 1763 2179 1859 duodeni,
2260 1765 2380 1861 qui
2450 1787 2710 1838 omnes

525 1860 687 1934 cibo
745 1873 818 1936 et
869 1865 1312 1939 vestimento
1385 1891 1429 1938 a
1481 1865 1775 1940 seniore
1830 1862 2283 1962 accipiebant
2334 1876 2708 1937 monaste·

527 1959 658 2034 rio.
731 1962 1180 2038 Coenobitae
1234 1989 1414 2060 ergo
1467 1965 1633 2062 ipsi,
1687 1976 1769 2038 ut
1822 1963 2161 2060 diximus,
2214 1963 2290 2036 hi
2343 1976 2535 2060 sunt,
2588 1963 2711 2060 qui

523 2061 781 2158 plures
833 2060 908 2134 in
963 2085 1355 2136 commune
1395 2064 1757 2160 habitant,
1809 2075 1897 2136 ut
1943 2064 2219 2138 beatus·
2238 2063 2710 2137 Hieronimus

527 2161 621 2234 ad
676 2161 1055 2257 virginem
1129 2164 1608 2238 Eustochium
1676 2165 1870 2238 inter
1935 2164 2077 2238 alia
2149 2161 2341 2237 dicit
2468 2162 2713 2236 Prima

527 2261 724 2359 apud
780 2285 909 2336 eos
963 2274 1124 2337 erat
1194 2263 1704 2337 confederacio
1776 2265 2076 2338 obedire
2131 2263 2573 2360 maiori-bus,
2638 2273 2714 2338 et

524 2361 867 2460 quicquid
921 2361 1278 2436 dixissent
1328 2365 1595 2436 facere.
1671 2363 1906 2436 Divisi
1950 2374 2159 2436 erant
2202 2388 2335 2460 per
2374 2363 2711 2444 decurias

526 2472 651 2535 aut
719 2486 853 2560 per
923 2463 1332 2561 centurias,
1402 2465 1506 2537 ita
1573 2475 1653 2538 ut
1720 2485 1992 2536 novem
2041 2462 2467 2538 hominihus
2518 2488 2710 2537 unus

523 2560 856 2636 decimus
908 2576 1278 2662 preesset,
1335 2575 1410 2637 et
1445 2588 1741 2641 rursum
1778 2563 2036 2637 decem
2074 2562 2433 2660 prepositi
2485 2586 2713 2660 super

525 2686 607 2735 se
683 2663 1170 2737 centesimum
1255 2664 1637 2754 haberent
1761 2662 2158 2737 Manebant
2228 2686 2407 2759 ergo
2491 2686 2711 2737 senes

524 2761 834 2859 predicti
877 2761 1201 2875 separati
1236 2763 1309 2837 in
1343 2764 1695 2839 seiunctis
1728 2764 2015 2838 cellulis
2051 2788 2285 2862 usque
2321 2764 2415 2837 ad
2448 2765 2708 2837 horam

525 2861 826 2959 plenam
879 2860 1213 2977 tertiam,
1282 2864 1472 2939 sicut
1537 2862 1957 2942 institutum
2006 2862 2151 2937 illis
2198 2875 2393 2956 erat3
2464 2863 2714 2959 ibique⁴

526 2961 875 3060 psalmis,
945 2964 1228 3061 ymnis,
1307 2962 1758 3039 orationibus
1814 2964 2314 3075 unusquisque
2378 2961 2707 3035 vacabat.-

525 3062 762 3135 Nemo
815 3063 1174 3161 pergebat
1223 3064 1315 3135 ad
1369 3062 1639 3157 alium,
1708 3061 2035 3174 exceptis
2087 3061 2201 3135 his
2256 3081 2440 3157 quos
2495 3059 2709 3134 deca-

524 3186 664 3235 nos
734 3162 1088 3259 diximus,
1156 3175 1236 3236 ut
1298 3162 1360 3235 si
1427 3160 1993 3257 cogitationibus
2064 3160 2230 3257 quis
2290 3158 2705 3259 fluctuaret,

522 3260 722 3336 illius
790 3263 1300 3337 consolaretur
1363 3260 1726 3359 alloquiis.
1818 3262 2026 3336 Post
2082 3262 2346 3334 horam
2396 3260 2705 3335 terciam

523 3362 598 3433 in
637 3386 1026 3437 commune
1073 3361 1633 3457 concurrebant
1684 3360 1951 3461 psalmi
2006 3361 2476 3459 resonabant,
2530 3361 2706 3435 scri-

521 3470 738 3558 pture
803 3487 894 3538 ex
945 3487 1153 3536 mote
1207 3461 1744 3555 recitabantur·
1800 3474 1871 3535 et
1924 3462 2308 3561 completis
2362 3461 2705 3534 orationi-

522 3559 660 3631 bus
715 3564 1134 3661 cunctisque
1186 3560 1723 3658 residentibuS,
1792 3562 2077 3669 medius
2144 3586 2365 3659 quem
2416 3574 2706 3661 patrem

521 3659 910 3755 vocabant,
957 3662 1357 3774 incipiebat
1408 3662 1843 3763 disputare.
1930 3664 2089 3751 Quo
2147 3662 2527 3773 loquente
2548 3672 2705 3731 tan-

518 3772 718 3834 tum
733 3760 1134 3833 silentium
1155 3762 1426 3857 inerat,
1499 3778 1580 3839 ut
1630 3787 1873 3838 nemo
1890 3762 1999 3840 ad
2056 3764 2281 3839 alium
2334 3760 2703 3856 respicere

519 3860 848 3933 auderet.
953 3861 1186 3933 Nemo
1242 3861 1561 3936 audebat
1614 3888 1999 3957 excrea1e·
2030 3861 2361 3937 dicentis
2417 3861 2577 3943 laus
2629 3858 2703 3931 in

518 3958 698 4035 fletu
749 3970 1002 4051 erant,
1057 3960 1510 4034 audientium
1567 3963 1787 4038 tacite
1840 3964 2231 4037 volvuntur
2280 3982 2417 4058 per
2474 3958 2705 4031 facies

515 4068 594 4135 et
644 4084 774 4135 ora
829 4062 1128 4159 lacrime
1171 4060 1721 4160 discurrebant,
1777 4075 1851 4139 et
1903 4086 1995 4135 ne
2048 4060 2123 4133 in
2178 4059 2508 4156 singultu
2548 4059 2701 4157 qui-
